3060 4876
607 365 831 423 ‚13-

234 557 296 610 Loci
316 556 362 623 qni
382 560 492 609 exstant
520 556 548 607 in
577 555 653 608 Cure.
682 569 708 606 v.
738 553 780 621 76,
809 553 889 606 Most.
910 568 935 605 v.
955 553 1016 620 271,
1035 552 1135 606 Heant.
1155 568 1180 605 v.
1201 553 1234 606 96
1254 552 1308 606 hnc

126 646 261 716 pertinere
279 662 333 698 nen
352 644 493 698 videntur:

233 735 309 788 Cure.
324 734 366 788 76.
386 734 463 787 Anus
482 734 526 786 hic
545 733 613 786 solet
633 732 754 786 cubitare
772 737 863 784 custos
882 731 1001 784 ianitrix.

170 837 173 841 ’
233 825 312 880 Most.
326 824 388 878 281.
408 821 510 888 Quibus
529 838 598 875 anus
617 821 687 876 domi
706 827 771 875 suut
789 836 893 889 uxores,
913 837 982 887 quae
1000 836 1048 874 vos
1067 821 1129 875 dote
1142 828 1308 876 meruerunt.

232 915 333 969 Heaut.
352 913 396 966 96.
415 912 466 965 Est
485 927 499 965 e
518 912 647 965 Corintho
666 911 710 964 hic
728 911 833 964 advena
852 926 920 963 anus
938 911 1112 978 paupercula:

410 1171 438 1230 3.
463 1165 722 1229 adulescens
746 1163 856 1247 (masc.
882 1169 916 1229 et
939 1162 1031 1248 fem.)

315 1272 717 1352 adulescentulus,
755 1271 1118 1336 adulescentula

129 1417 243 1481 Bacch.
258 1422 299 1480 65
310 1434 357 1497 sq.
375 1466 380 1479 .
395 1466 401 1478 .
415 1413 500 1498 Quid
511 1434 577 1495 ego
596 1422 748 1483 metuam.
767 1414 916 1495 rogitas?
936 1413 1113 1477 adulescens
1130 1412 1217 1478 lema
1295 1448 1297 1453 >

127 1524 298 1590 Penetrenr
334 1542 385 1587 me
420 1522 606 1587 huiusmodi
641 1522 675 1586 in
707 1521 916 1604 palaestram,
955 1521 1010 1586 ubi
1045 1521 1172 1585 damnis
1209 1521 1306 1586 desu-

1138 1627 1307 1693 nascitur?

236 1734 393 1788 adulescens
417 1735 495 1787 horno
514 1733 634 1788 Botllus
661 1733 738 1786 homo
758 1733 914 1786 adulescens
934 1733 1000 1786 libri
1024 1733 1125 1801 rogas?
1144 1734 1222 1787 homo
1242 1734 1308 1786 adu-

127 1823 292 1877 lescentulus
312 1823 495 1877 Camerarius.

128 1916 246 1980 Pseud.
271 1921 337 1980 434
349 1933 395 1995 sq.
419 1965 426 1980 .
451 1966 458 1980 .
483 1914 559 1995 quid
584 1933 710 1996 novom,
735 1911 908 1976 adulescens
931 1912 1018 1975 lamo

129 2021 162 2088 si
188 2032 284 2106 amat,
310 2023 336 2087 si
361 2023 495 2088 amicam
522 2021 663 2087 liberali

126 2130 255 2195 Pharm.
275 2136 359 2195 1040
373 2149 419 2210 sq.
441 2130 594 2195 ..Adeon
611 2129 781 2210 indiguum
799 2129 859 2195 hac
877 2129 935 2193 ribi
952 2129 1094 2211 videtur,
1112 2127 1199 2194 filius

127 2235 229 2301 Herna
245 2234 418 2300 adulescens
442 2238 468 2303 si
494 2239 594 2302 habet
617 2256 713 2301 cinam
739 2236 884 2317 amicam,
909 2245 944 2301 lu
962 2255 1078 2301 uxores
1096 2234 1198 2300 duas?

127 2345 215 2433 Trin.
243 2351 314 2409 131.
340 2345 510 2409 ..amanti
534 2345 649 2407 leennine'
672 2342 866 2425 adulescenti,
892 2344 990 2408 animi
1016 2344 1147 2423 ampeli,

129 2451 219 2532 Capi.
239 2457 300 2517 169
315 2471 361 2532 sq.
385 2453 467 2516 Nam
492 2470 601 2516 eccum
615 2452 667 2516 hic
683 2452 833 2534 ecepttnn
853 2450 1072 2514 adulescentem
1089 2450 1178 2515 inlus
1189 2450 1305 2514 Aleum

126 2558 327 2642 Prcgnatum
353 2578 472 2641 genere
496 2578 619 2624 summo
644 2565 678 2623 el
702 2559 834 2623 summis
860 2558 965 2623 ditiis:

234 2665 307 2717 intus
328 2663 493 2719 Selloelle'ns:
514 2682 565 2719 om.
586 2664 659 2719 litet.

126 2757 206 2822 Mer.
231 2762 325 2821 luel.
346 2758 416 2822 Neu
434 2759 603 2838 quisquam
624 2758 794 2836 prohibeto
813 2763 887 2837 pasl
905 2755 1306 2832 hacadulescentemfilinm

234 2860 290 2913 filia
308 2861 398 2916 BOD.

610 2954 822 2962 ——.—.

127 3042 206 3102 Hac.
232 3045 295 3102 660
309 3057 355 3118 sq.
380 3043 535 3104 ..Mater
559 3040 644 3120 quod
669 3042 774 3106 suasit
798 3058 866 3122 sua,

128 3143 315 3207 Adulescens
338 3147 448 3208 mulier
471 3145 558 3210 fecit.

126 3253 256 3318 Phcrm.
282 3259 355 3319 794.
385 3253 431 3320 Ul
443 3253 549 3335 passis
562 3272 632 3318 cum
646 3253 713 3337 illa,
728 3274 767 3320 ne
781 3263 813 3321 te
824 3254 1000 3318 adulescens
1011 3257 1121 3318 mulier
1138 3255 1306 3336 defetiget.

233 3359 329 3414 mulier
347 3359 502 3414 adulescens
521 3358 560 3413 D.
598 3359 763 3415 Adulescens
781 3362 838 3415 locs
858 3360 1024 3415 substantivi
1047 3360 1169 3415 feminini
1197 3361 1306 3428 generis

125 3449 196 3515 apud
215 3449 342 3504 Plautum
361 3466 416 3503 non
435 3455 596 3517 usurpatum
616 3449 650 3503 cf.
670 3451 805 3504 Wuesekc
823 3467 849 3518 p.
871 3453 912 3517 17,
943 3450 987 3514 qui
1013 3450 1098 3503 Andr.
1123 3465 1149 3503 v.
1169 3449 1222 3504 488
1241 3450 1307 3503 huic

125 3541 251 3604 aptlemae
269 3540 437 3594 adulescenti
456 3539 594 3605 laudat.*)

126 3732 243 3798 Bacch.
268 3741 308 3798 a?
324 3754 369 3817 sq.
394 3738 526 3823 ..Quia
549 3740 631 3806 istoc
655 3738 888 3805 inlecebrosius

124 3840 215 3905 Fieri
238 3842 285 3907 nil
310 3850 432 3924 potest:
457 3865 529 3928 riou,
556 3849 679 3930 mulier,
706 3848 827 3930 viuum,
845 3845 961 3909 domini
981 3843 1211 3911 adulescentulo.

124 3948 226 4013 Andr.
252 3956 316 4014 828
329 3969 376 4030 sq.
401 3950 562 4014 ..homini
583 3954 806 4017 adulescentulo

124 4056 163 4121 In
188 4058 252 4122 elic
277 4064 433 4139 occupato
457 4077 575 4142 amore,
601 4061 788 4126 abhorrenti
813 4063 854 4126 ab
878 4080 913 4127 re
938 4061 1061 4143 uxoria,

125 4166 225 4230 Andr.
251 4171 315 4230 910
328 4185 376 4247 sq.
399 4175 527 4232 ..tune
550 4167 603 4233 hic
625 4167 759 4232 dornines
783 4167 1023 4233 adulescentulus

125 4290 336 4302 *—

191 4341 215 4409 *l
235 4343 347 4413 Odoin.
366 4343 420 4397 div.
439 4343 462 4398 I.
482 4346 525 4398 18.
545 4347 588 4399 36.
608 4344 740 4415 As're'cane'
753 4346 848 4413 filiam
867 4345 1069 4400 adulescentem.
