3060 4876
640 393 840 449 ..7-

151 583 324 664 possidet.“
372 583 441 647 Iam
491 581 712 663 quaerendum
760 587 821 656 est,
870 580 948 660 quid
995 582 1029 645 in
1077 581 1199 646 talibus
1247 600 1332 645 com-

149 691 366 772 positionibus
402 696 530 756 veteres
565 690 613 754 ita
646 688 828 770 olienderit,
859 694 895 753 ut
928 688 1060 770 propria
1093 687 1332 768 significatione

149 817 230 879 opus
255 817 326 863 esse
352 803 514 878 putarent.
562 796 702 860 Causam
726 795 825 860 facile
848 795 1042 878 intellegere
1066 796 1202 877 poteria,
1237 795 1266 860 61
1290 796 1331 861 ad

149 925 187 971 ea
223 908 324 971 verba
358 905 554 986 respexeris,
590 903 708 982 quibus
744 903 986 968 Schoemannus
1023 902 1205 982 (Redeteile
1236 910 1331 967 1862.

149 1034 178 1095 p.
215 1014 271 1095 95)
319 1030 510 1092 pronomen,
558 1028 692 1092 nornen,
740 1010 938 1076 adiectivum
974 1011 1235 1090 circumscripsit.
1290 1011 1330 1076 In

150 1121 279 1185 nomine
297 1120 382 1184 enirn
399 1119 606 1183 substantivo
621 1118 715 1182 docet
729 1117 836 1182 inesse
849 1117 931 1182 duas
944 1117 1195 1200 significationis
1207 1125 1329 1201 partes,

151 1246 288 1308 quarum
318 1227 456 1292 alteram
484 1245 551 1290 rem
579 1226 698 1306 ipsam,
735 1225 871 1289 alteram
903 1225 1097 1289 attributum
1132 1226 1331 1307 exprimere;

150 1334 283 1415 perinde
293 1335 325 1399 in
336 1335 525 1415 pronomine
538 1333 675 1398 alteram
685 1338 810 1413 partem
820 1352 888 1397 rem
897 1333 1012 1414 ipsam,
1022 1334 1159 1398 alteram
1168 1333 1330 1397 rationem

149 1445 219 1509 6166
236 1444 434 1525 significare3
460 1445 493 1507 in
510 1444 672 1509 adiectivo
697 1452 806 1508 autem
830 1444 878 1508 rei
902 1445 1005 1525 ipsius
1023 1444 1187 1508 notionem
1205 1444 1328 1509 deesse.

149 1551 200 1615 Ex
216 1551 263 1615 eis
281 1552 387 1615 elucet
403 1551 542 1615 maxime
560 1551 691 1616 diversa
712 1569 783 1616 esse
808 1551 1049 1617 substantivum
1075 1569 1147 1615 cum
1164 1549 1330 1617 adiectivo

150 1659 357 1722 coniunctum
394 1668 427 1722 et
462 1659 704 1723 substantivum
739 1677 810 1722 cum
846 1658 1053 1724 substantivo
1082 1658 1135 1723 vel
1160 1677 1232 1722 cum
1257 1678 1330 1738 pro-

150 1764 366 1846 nominaret
394 1782 571 1844 pronomen
604 1783 674 1828 cum
707 1765 895 1844 pronomine
927 1765 1142 1828 coniunctum.
1189 1765 1271 1828 Nam
1296 1764 1330 1829 in

152 1871 210 1934 illa
246 1871 473 1935 coniunctione
509 1872 598 1935 notio
635 1871 727 1954 „rei“
763 1873 873 1954 semel,
908 1871 941 1935 in
978 1872 1028 1936 his
1055 1871 1103 1936 bis
1127 1872 1330 1952 exprimitur.

150 1977 224 2059 Qua
248 1979 375 2043 ratione
398 1977 494 2043 166116
518 1979 676 2060 exemplis
701 1978 767 2043 illis
783 1980 944 2044 Prisciani
969 1985 1143 2044 annectere
1160 1997 1331 2059 possumus

151 2104 244 2150 usum
270 2086 484 2166 posteriorum
511 2087 806 2167 grammaticorum.
852 2088 953 2152 Recte
978 2086 1105 2166 quidem
1131 2087 1256 2150 Thurot
1290 2087 1330 2151 de

148 2193 204 2257 illo
216 2194 377 2258 Prisciani
391 2212 452 2258 usu
466 2194 664 2273 suspicatur:
691 2194 800 2275 „ll'est
813 2196 975 2273 peut-titre
993 2212 1029 2257 66
1042 2193 1171 2258 dernier
1186 2212 1330 2274 passage

149 2303 249 2379 quia
284 2301 389 2364 donne
422 2300 515 2363 l’idee
551 2300 716 2380 d’appeler
750 2302 901 2382 oppositio
937 2300 970 2364 la
1002 2301 1223 2364 construction
1255 2301 1330 2365 d'un

150 2406 334 2470 substantii
360 2425 482 2470 comme
514 2407 687 2486 qualitatis
717 2407 790 2471 d’un
824 2418 919 2471 autre
943 2405 1133 2471 substantii.
1180 2408 1329 2474 Priscian

148 2530 189 2576 ne
213 2513 344 2577 connait
368 2531 427 2592 pas
451 2519 538 2578 cette
562 2514 801 2592 construction;
827 2533 882 2579 car
900 2515 981 2579 dans
990 2513 1178 2598 filiuoPeia'
1191 2515 1330 2578 Achillas

148 2621 170 2684 il
196 2620 407 2685 sous-entend
433 2640 495 2699 rae,
519 2639 559 2685 ou
584 2622 638 2704 qai
661 2627 704 2683 661
727 2641 767 2686 66
791 2623 846 2706 qui
859 2621 932 2704 fait
946 2621 1028 2685 Pelei
1030 2622 1124 2705 filius
1135 2624 1276 2706 (XVIII.
1286 2626 1329 2704 t).

147 2732 176 2792 A
200 2728 233 2792 la
257 2727 300 2792 fin
326 2729 368 2793 du
393 2728 474 2793 ΧΠθ
489 2729 588 2794 siecle
621 2749 661 2796 on
691 2730 859 2794 entendait
894 2749 952 2811 par
980 2731 1132 2813 oppositio
1161 2731 1193 2794 la
1224 2730 1329 2812 figure

147 2855 207 2915 par
233 2836 371 2915 laquelle
404 2854 448 2900 un
481 2834 666 2901 substantii
693 2837 747 2916 qui
773 2837 901 2917 signifie
930 2837 1100 2903 l’individu
1126 2857 1166 2900 ou
1192 2839 1330 2917 l’espece

148 2943 281 3022 qualifie
307 2943 389 3007 celui
415 2944 469 3023 qui
495 2945 625 3024 signifie
649 2942 786 3025 l'espece
803 2963 844 3037 ou
860 2944 890 3007 le
908 2945 1039 3025 genre.“
1075 2944 1128 3007 lta
1142 2944 1332 3010 Alexander

150 3048 191 3113 de
215 3050 295 3114 villa
319 3050 381 3113 Dei
404 3050 439 3112 16
463 3050 637 3113 doctrinali
662 3051 746 3129 quod
771 3051 892 3114 dicitur
916 3051 1023 3116 docet:

256 3156 432 3236 Apponens
457 3155 603 3234 duplices
628 3157 857 3222 substantivus
882 3159 945 3222 sibi
972 3160 1098 3239 iunges

254 3263 294 3326 In
318 3281 396 3327 casu
420 3263 536 3345 simili,
561 3263 747 3344 poteritque
771 3283 875 3346 genus
901 3266 1033 3331 variari.

250 3371 341 3436 Tunc
364 3370 439 3435 illos
463 3371 504 3434 ad
533 3389 602 3435 rem
627 3378 776 3451 spectare
801 3372 929 3437 decebit
952 3373 1104 3452 eandem;

250 3479 296 3542 At
320 3478 393 3558 plus
419 3479 595 3543 communis
618 3479 794 3558 precedere
818 3479 917 3544 debet
940 3480 974 3543 16
999 3480 1082 3556 16116,

254 3584 344 3648 Sicut
363 3564 449 3646 homo
473 3583 588 3660 Sortes,
610 3586 732 3648 6616ιαὶ
753 3605 861 3668 cupra,
886 3587 1142 3666 consimilesque.

250 3705 343 3788 Quae
367 3711 561 3776 scholiastae
586 3710 628 3776 ad
651 3713 711 3777 hoo
735 3713 942 3793 praeceptum
961 3713 1192 3778 annotaverint
1209 3713 1330 3779 afferre

44 3839 48 3843 ·
147 3832 265 3895 operae
294 3814 433 3894 pretium
466 3826 614 3883 nonest.
661 3819 909 3885 Ruddimannus
945 3819 1046 3902 (1823
1083 3821 1145 3886 vol.
1168 3821 1210 3886 H.
1236 3841 1264 3901 p.
1284 3826 1328 3885 35

147 3941 220 3987 ann.
258 3923 314 4003 73)
357 3923 553 3986 sententiam
594 3926 756 3990 Prisciani
793 3933 925 3991 secutus
973 3928 1207 4008 appositionem
1254 3946 1328 3992 esse

146 4029 281 4094 duorum
306 4028 587 4094 substantivorum
610 4031 644 4094 16
668 4033 778 4097 eodem
805 4052 881 4098 casu
906 4054 964 4114 per
988 4036 1115 4115 ellipsin
1141 4054 1191 4096 eus
1224 4035 1329 4114 parti·

147 4137 222 4218 cipii
248 4135 504 4202 coniunctionem
534 4144 655 4202 censet.
680 4138 760 4201 Post
788 4159 859 4205 eum
884 4142 907 4206 J
911 4141 1168 4221 ungclaussenus
1193 4141 1246 4220 (de
1269 4161 1329 4224 ap·-

146 4246 309 4327 positione
335 4242 514 4324 Schleswig
537 4245 630 4326 Prgr.
658 4250 757 4326 1839)
782 4267 849 4312 rem
875 4248 1052 4328 diligenter
1069 4248 1234 4313 tractavit.
1260 4248 1326 4331 Qui

146 4357 316 4433 postquam
341 4352 534 4417 attributum
565 4353 607 4417 ad
631 4354 874 4419 substantivum
899 4354 1021 4435 duplici
1046 4357 1139 4420 modo
1165 4356 1328 4437 applicari
1438 4405 1443 4414 .

147 4477 250 4541 posse,
288 4466 325 4523 ut
360 4475 418 4524 auc
453 4461 616 4526 notionem
641 4460 751 4544 addat,
776 4479 859 4541 quae
882 4462 930 4526 rei
959 4462 1096 4528 alicuius
1120 4463 1167 4528 ita
1191 4463 1328 4546 propria
