3060 4876
529 362 870 421 .—20..

176 553 242 616 Mil.
268 558 341 617 339.
365 554 418 617 Me
440 552 526 614 homo
549 552 831 633 oeroodeterrebit,
844 555 923 632 quin
947 572 985 618 ea
1009 554 1043 616 in
1069 555 1186 620 his-sit
1206 558 1354 624 aedibus.

283 657 428 711 deterrebit
447 657 593 725 Hooptioa
611 657 701 711 detera
712 657 752 710 uti
764 656 816 710 01>
827 657 943 710 deteruti
963 656 991 710 B
1012 657 1041 709 in
1060 657 1102 710 his
1122 659 1159 711 sit
1172 657 1354 730 Niemeperos

175 747 212 799 sit
230 747 259 799 in
279 747 320 800 his
341 747 416 806 ttort.

174 838 242 902 Mil.
273 839 515 905 relaturam
540 839 722 904 nociturum
747 858 811 903 non
835 838 1349 923 essetdmioidehaerenontot,

282 944 433 997 nociturum
452 960 506 996 non
524 942 692 998 Ritsohelo‘oa
716 960 770 997 non
803 945 955 998 nociturum
976 944 1041 998 libri
1064 944 1092 997 in
1112 945 1136 996 A
1159 944 1248 998 eodioe
1273 945 1352 997 deest

173 1050 234 1087 noos.
254 1032 295 1086 Of.
313 1033 425 1088 Lorenz.
446 1034 478 1087 ad
497 1033 553 1087 Mil.
573 1035 633 1088 741.
654 1040 682 1087 et

281 1122 365 1176 Persa
383 1123 444 1177 209.
465 1122 542 1176 Certe
562 1122 683 1188 equidem
704 1125 814 1189 puerum
832 1122 1047 1190 peioremquam
1067 1131 1095 1177 te
1120 1125 1182 1176 novi
1210 1123 1350 1178 neminem.

174 1215 263 1279 Pers.
290 1221 363 1279 211.
388 1211 484 1277 Nouo
507 1212 595 1276 horno
620 1231 770 1294 umquam
796 1215 844 1278 ita
869 1214 1076 1287 arbitratust.
1093 1265 1099 1280 .
1118 1266 1149 1280 ..

173 1323 269 1388 Most.
295 1327 368 1386 901.
392 1319 493 1383 Homo
515 1320 599 1384 nomo
624 1321 699 1385 hino
724 1321 854 1400 quidem
877 1319 966 1385 foras
989 1322 1066 1387 exit.

281 1426 324 1480 Sio
343 1427 541 1480 Studemundns
567 1427 611 1491 (at.
637 1425 677 1479 ed.
703 1426 777 1479 Lor.2
801 1442 827 1492 p.
847 1428 918 1491 231).
937 1426 1024 1479 Homo
1042 1443 1093 1482 om.
1114 1428 1189 1482 libro.
1209 1430 1241 1482 In
1261 1430 1353 1484 codiee

173 1517 206 1572 Α.
226 1531 311 1584 paene
330 1516 397 1570 nihil
416 1517 471 1586 legi
490 1524 588 1584 potest.
627 1516 784 1584 Spengelius
812 1516 1091 1585 (Reformvorsehltge
1118 1535 1144 1585 p.
1173 1521 1236 1584 385)
1263 1521 1350 1574 locum

173 1606 306 1661 violenter
324 1613 433 1660 mutans
461 1624 538 1661 nemo
557 1606 744 1675 potueruntne
763 1607 820 1661 eote
837 1608 916 1676 foros
936 1606 1037 1661 scribit.
1073 1607 1142 1661 Vide
1162 1609 1241 1663 infra.

172 1699 256 1768 Rud.
282 1705 355 1764 968.
379 1700 475 1765 Hinc
492 1699 577 1761 tomo
593 1697 674 1764 feret
687 1702 707 1762 at
718 1717 869 1782 meoemo,
883 1702 925 1764 ne
938 1705 974 1764 tu
988 1706 1020 1764 te
1033 1703 1143 1780 speres
1162 1709 1244 1782 pote.

281 1811 343 1873 pote
364 1804 511 1860 Schoellios
529 1806 619 1872 potius
639 1805 713 1859 ttort.

173 1898 267 1962 Troo.
293 1887 366 1962 300.
391 1896 487 1960 Ndmo
511 1897 597 1958 oooo
622 1898 674 1961 hio
698 1897 783 1977 apud
808 1900 866 1960 nos
891 1897 973 1960 solet
997 1897 1118 1976 perire:
1145 1900 1350 1979 resperdrint

1256 2025 1351 2086 suas;

279 2105 527 2161 NEMOKOMOA
559 2107 642 2160 Nemo
668 2107 800 2161 hominem
825 2105 885 2159 BD
919 2105 1106 2161 nemohomine
1139 2107 1162 2160 0
1195 2110 1267 2174 apud
1300 2125 1348 2160 nos

173 2198 241 2252 solet
259 2198 347 2266 perire
367 2195 515 2251 Sohoello'oa
534 2194 948 2250 SOLETPERIREAPUTNOS
968 2196 994 2249 A
1023 2199 1110 2263 perire
1130 2197 1197 2250 solet
1217 2197 1286 2263 apud
1299 2212 1349 2249 nos

172 2289 260 2343 ceteri.
625 2334 627 2338 .

175 2380 244 2444 Vid.
271 2383 343 2444 169.
367 2377 465 2442 Ne'mo
488 2378 575 2442 doato
599 2377 696 2442 miset·
712 2428 718 2442 .
736 2425 766 2440 ..
791 2393 855 2457 que
877 2375 995 2442 infelix
1019 2376 1095 2459 fnit,

280 2485 323 2539 Sic
341 2485 482 2538 Winteros
509 2484 572 2538 FUI
597 2483 631 2537 A.
657 2482 857 2536 studemundus
882 2482 1006 2536 lacunam
1032 2484 1073 2539 ita
1097 2484 1271 2552 supplendam
1291 2498 1348 2537 esse

173 2580 276 2629 censet:
297 2573 381 2628 Nemo
399 2574 473 2628 domo
492 2575 575 2628 miser
593 2574 646 2641 e[st
665 2572 833 2640 adaequent
851 2590 896 2641 epo
914 2589 975 2627 aum
993 2574 1087 2641 othue
1105 2574 1206 2643 infolio
1222 2575 1267 2643 foi

174 2666 245 2730 Vid.
262 2672 322 2730 187
337 2683 384 2746 sq.
397 2666 607 2748 Egentiorem
624 2663 797 2747 [dodonem
812 2680 908 2742 quam
923 2682 984 2746 ego
997 2661 1082 2749 su]m
1095 2665 1242 2728 nerninem

170 2774 286 2854 Neque
309 2774 499 2839 esseoredo
524 2790 630 2852 neque
653 2771 755 2836 tuisse
780 2787 884 2850 neque
909 2771 986 2836 tore.

279 2879 428 2947 Complevit
447 2880 571 2933 lacunam
590 2877 798 2933 Studemundus.

172 3062 232 3126 Ad.
258 3068 330 3126 259.
355 3061 505 3126 Fratrem
537 3059 651 3122 homini
677 3060 793 3125 nemini
823 3062 895 3125 esse
919 3058 1093 3140 primarum
1108 3059 1229 3124 artium
1242 3059 1349 3141 magis

1159 3167 1348 3248 prinoipem.
1421 3218 1425 3225 .

278 3308 424 3361 FRATER
443 3306 469 3360 A
488 3306 595 3360 homine
618 3305 644 3359 G
662 3307 769 3362 nemine
788 3324 855 3361 corr.
883 3307 915 3359 io
940 3323 1029 3374 morp.
1057 3265 1161 3358 Ιιοιηίηηῐῖ1
1175 3304 1206 3356 F
1221 3321 1288 3357 corr.
1308 3303 1348 3354 d*2

172 3399 303 3452 neminem
323 3396 494 3464 (soom
515 3397 650 3450 Donatus:
680 3395 781 3449 homini
808 3396 939 3447 neminem
968 3394 1029 3452 (sim
1058 3397 1117 3447 toro
1145 3393 1187 3446 bia
1214 3392 1346 3445 hominem

172 3486 324 3558 neminemt]
344 3486 419 3541 Nove
438 3486 548 3541 auribus
568 3485 675 3554 nostris,
696 3485 742 3539 sod
761 3489 881 3538 veterum
901 3481 1093 3538 consuetudine
1112 3481 1217 3535 loeutus
1236 3488 1286 3536 est.
1312 3512 1345 3520 —

171 3577 272 3633 nemini
296 3577 410 3630 homini:
435 3575 624 3646 &proptiae
662 3573 701 3629 Ob
730 3574 870 3628 verborum
899 3573 1018 3626 ordinem
1047 3573 1120 3624 loeus
1148 3586 1196 3638 pro
1222 3581 1347 3639 comupto

172 3667 311 3720 habendus
330 3675 380 3720 est.
418 3666 560 3733 Complura
578 3665 639 3718 vide
657 3646 729 3718 infra
747 3680 772 3731 p.
792 3664 835 3717 22.

172 3758 255 3823 Eun.
270 3763 343 3822 549.
369 3757 528 3837 Numquis
542 3758 594 3822 hio
617 3755 689 3822 est?
715 3759 850 3820 nemost.
861 3752 1014 3833 numquis
1026 3753 1102 3818 hinc
1114 3772 1165 3819 me
1177 3752 1346 3835 sequitur?

1112 3861 1198 3924 admo
1221 3860 1344 3922 homost.

171 3972 255 4038 Eun.
283 3975 376 4036 1082.
401 3970 533 4051 Accipit
555 3970 638 4034 domo
662 3969 749 4032 otono
771 3967 887 4034 melius
912 3971 1045 4050 prorsus
1057 3985 1162 4048 neque
1178 3965 1345 4047 prolixius.

279 4076 412 4130 hominem
431 4074 646 4145 (B)O²EFGP¹.

172 4171 250 4237 Hee.
276 4175 338 4234 281
359 4187 406 4250 sq.
437 4165 566 4233 Nomine·
593 4170 688 4250 plura
713 4169 831 4233 acerba
847 4167 943 4232 oredo
961 4184 1033 4231 esse
1050 4181 1213 4229 examore
1229 4161 1347 4225 domini

1038 4287 1189 4351 umquam
1214 4270 1323 4335 oblata

173 4365 277 4448 Quam
302 4367 390 4432 mihi.
