3060 4876
670 339 892 398 ..43-

198 535 302 595 metro
326 529 471 594 debetur.
496 529 643 629 Verbum
663 549 720 592 roc
742 549 761 594 a
785 531 914 596 nomine
946 532 1077 613 proprio
1114 531 1315 612 disiungitur
1338 532 1375 598 in

198 638 315 717 Amph.
343 642 414 701 194.
455 635 606 717 Regique
628 637 783 702 Thebano
809 637 924 703 Creoni
941 656 1077 721 regnum
1094 639 1260 706 stabilivit
1275 657 1375 705 suom.

305 757 383 809 quem
402 756 508 794 versum
528 741 709 809 Kiesslingius
728 742 819 810 (Anal.
838 742 929 797 Plant.
949 760 975 811 p.
996 745 1049 808 13.)
1070 743 1148 797 delet.

136 846 139 851 ·
198 835 314 913 Amph.
341 839 416 898 261.
463 833 525 915 Qui
558 833 690 899 Pterela
726 835 868 915 potitare
902 854 960 900 rex
995 841 1045 900 est
1075 836 1199 900 solitus.
1224 836 1305 900 haec
1328 834 1375 901 sic

1160 942 1263 1007 dicam
1290 961 1374 1009 erae.

305 1045 424 1112 potitare
458 1050 586 1114 excerpta
610 1045 744 1100 Palatino
778 1053 873 1113 potare
898 1064 931 1100 eor
955 1049 1074 1114 positure
1092 1065 1148 1102 ros.
1176 1045 1208 1100 D
1235 1054 1330 1117 potare
1348 1047 1377 1101 B

197 1150 245 1188 rex
263 1140 304 1188 est
323 1134 419 1188 solitus
438 1133 525 1189 Bothe
553 1150 599 1190 rex
628 1135 723 1188 solitus
751 1139 792 1189 est
811 1136 885 1190 libri.
921 1136 1048 1190 Fortasse
1066 1136 1208 1204 legendum
1228 1142 1282 1190 est:

198 1224 249 1290 Qui
269 1223 378 1278 Pterela
396 1240 443 1278 rex
462 1231 503 1278 cst
521 1225 639 1292 potitare
658 1225 762 1279 solitus.

198 1317 412 1396 Postponitur
434 1335 549 1381 nomen
573 1335 629 1378 roa
653 1317 685 1380 in
710 1317 760 1380 his
783 1317 879 1381 locis:

198 1424 272 1488 Aul.
297 1430 349 1488 86.
373 1423 559 1505 Philippum
585 1442 692 1505 regem
718 1430 776 1487 eut
789 1423 942 1505 Dareum,
967 1423 1167 1490 trivenefioa.

306 1529 372 1581 Cum
390 1545 478 1598 repam
496 1527 531 1580 ad
549 1533 693 1595 utrumque
713 1543 808 1582 nomen
827 1528 963 1596 proprium
982 1529 1126 1596 pertineat,
1142 1528 1281 1582 collocatio
1304 1526 1374 1580 nihil

197 1616 355 1671 offensionis
373 1617 492 1684 praebet.

198 1709 268 1774 Mil.
294 1715 366 1774 948.
390 1710 472 1774 Nam
497 1727 557 1791 ego
581 1708 677 1774 hodie
700 1709 741 1772 ad
766 1709 937 1774 Seleucum
962 1727 1071 1789 regem
1096 1709 1169 1774 misi
1194 1707 1374 1789 parasitum

1258 1832 1375 1898 meum,

306 1931 334 1987 3.
381 1923 545 1989 Servus
580 1923 680 2003 vulgo
710 1923 833 1987 nomini
858 1923 988 2004 proprio
1026 1922 1253 2004 praeponitur3
1287 1928 1375 2003 post-

197 2031 339 2113 positum
364 2038 475 2094 certae
499 2030 666 2094 cuiusdam
691 2029 942 2109 significationis
965 2029 1020 2094 vel
1043 2030 1205 2111 gravioris
1235 2028 1375 2093 auctori-

197 2137 277 2202 tatis
302 2142 360 2201 est.
385 2135 435 2199 De
458 2138 630 2200 verborum
654 2136 777 2217 ordine,
812 2136 868 2216 qui
898 2145 949 2200 est
972 2136 1006 2200 in
1031 2137 1122 2217 Capt.
1147 2141 1211 2200 875
1236 2140 1270 2199 et
1294 2134 1372 2199 Cist.

199 2250 263 2308 368
288 2242 363 2308 vide
388 2260 418 2324 p.
433 2249 483 2325 37,
510 2243 550 2307 de
573 2244 689 2325 Amph.
715 2244 788 2307 ela.
820 2242 939 2308 Pseud.
964 2249 1039 2308 898.
1066 2244 1149 2309 Rud.
1173 2248 1235 2306 897
1262 2241 1374 2308 videas

196 2350 439 2415 adnotationem
458 2350 599 2432 priorem
623 2350 764 2432 paginae
789 2356 840 2414 37.

198 2457 287 2522 Trin.
314 2462 409 2522 1055.
433 2457 527 2521 Meus
551 2463 602 2522 est
625 2456 678 2522 hic
702 2457 830 2537 quidem
855 2457 1015 2522 Stasimus
1039 2474 1161 2521 servos.

304 2561 433 2615 Consulto
452 2561 536 2615 verba
554 2579 628 2615 meros
656 2568 685 2614 et
702 2579 792 2617 seruos
811 2563 839 2614 in
857 2562 935 2614 initio
955 2566 984 2615 et
1001 2560 1054 2614 fine
1073 2560 1210 2614 enuntiati
1228 2564 1374 2629 ponuntur,

196 2667 259 2703 nam
279 2649 433 2704 Charmides
452 2649 498 2703 ille
516 2665 598 2703 senex
625 2650 703 2704 valde
729 2651 851 2718 miratur,
878 2652 948 2717 quod
967 2667 1031 2704 suus
1050 2650 1135 2717 ipsius
1156 2649 1193 2703 sit
1211 2664 1310 2717 servos,
1329 2648 1376 2715 qui

197 2746 254 2792 tam
274 2739 340 2792 bene
359 2754 445 2792 mores
464 2744 605 2805 corruptos
623 2745 813 2806 conqueratur.

196 2831 295 2896 Poen.
320 2836 444 2910 Salsu.
468 2830 576 2913 Attae,
612 2848 629 2895 e
663 2830 740 2894 fano
772 2832 916 2913 recipere
940 2832 1034 2897 video
1066 2849 1101 2897 se
1130 2831 1375 2912 Syncerastum,

197 2937 342 3004 Lenonis
366 2956 503 3004 servom.

195 3046 280 3110 Eun.
294 3051 357 3110 867
368 3062 414 3124 sq.
435 3045 498 3110 Sed
511 3046 745 3110 Parmenonem
759 3051 835 3110 ante
846 3045 965 3110 ostium
978 3044 1113 3109 Thaidis
1126 3043 1256 3108 tristem
1270 3041 1374 3118 video,

196 3151 325 3217 Rivalis
350 3169 492 3216 servom:
518 3151 696 3217 salvares.

195 3260 282 3325 Eun.
307 3262 431 3338 570sq.
454 3258 566 3337 Neque
591 3258 619 3323 is
644 3257 801 3324 deductus
825 3259 922 3324 etiam
937 3258 1011 3322 dum
1026 3257 1159 3322 adeam.
1177 3254 1377 3321 summonuit

1143 3381 1194 3428 me
1217 3363 1375 3427 Parmeno

194 3475 249 3540 Ibi
272 3491 395 3555 servos
421 3472 507 3552 quod
532 3491 593 3553 ego
617 3471 752 3553 arripui.

302 3586 332 3645 4.
378 3580 550 3645 Postremo
574 3579 614 3644 de
638 3581 736 3645 verbo
761 3597 903 3644 nomen
926 3577 1042 3642 dicem.
1066 3577 1207 3642 Plautus
1232 3576 1317 3642 enim
1341 3573 1376 3639 in

197 3688 249 3753 his
273 3688 510 3753 elocutionibus
534 3686 743 3753 commoniti
766 3690 817 3768 est,
834 3684 938 3767 datur,
958 3681 1093 3748 inditam
1116 3688 1160 3747 cst
1173 3702 1198 3749 e.
1213 3703 1238 3750 s.
1251 3688 1374 3749 certam

197 3796 303 3876 legem
320 3801 453 3860 secutus
471 3795 572 3860 verba
589 3793 760 3876 disposuit.
795 3793 961 3857 Nomen
985 3790 1231 3875 proprium
1256 3789 1376 3856 enim

195 3902 796 3984 sidativocasuponitur‚
822 3896 1377 3980 nunquaminterposito

197 4005 1377 4097 dativopersonaevelrei,cuinomentrihuitur,
1432 4090 1441 4107 .

195 4135 217 4180 a
255 4116 492 4182 vocabulo
546 4135 654 4181 nomon
713 4114 1041 4196 disiungitur3
1098 4112 1173 4178 sin
1233 4112 1379 4178 nomi-

197 4218 1377 4304 nativoponitursemperinterponiturdativus.

194 4333 315 4413 Itaque
338 4330 421 4396 dixit
457 4329 535 4393 lathi
558 4349 664 4394 nomen
686 4328 854 4394 Mercurio:
879 4327 918 4394 cf.
943 4328 1060 4408 Amph.
1078 4331 1152 4391 332.
1169 4326 1288 4392 Bacch.
1302 4330 1377 4391 945·
