3060 4876
671 368 803 426 -.10
851 399 891 408 ..

196 560 258 624 hoc
297 556 390 621 modo
426 559 572 639 componi
603 559 778 639 potuerint.
826 558 925 624 Cuius
958 559 1196 624 coniunctionis
1220 560 1377 625 duritiam

198 665 367 747 Prisciano
390 672 523 730 auctore
546 665 796 730 Ruddimannus
821 666 942 745 aliique
967 665 1076 747 ellipsi
1105 667 1244 746 quadam
1276 669 1378 747 parti-

196 772 276 854 cipii
321 792 373 835 cas
427 775 638 838 excusabant.
686 771 789 854 Quam
837 773 1033 839 seutentiam
1080 780 1168 839 recte
1214 774 1376 854 improbat

198 879 394 959 Schultzius,
427 880 481 959 qui
513 880 584 961 ipse
617 899 688 944 cum
722 881 770 944 eis
795 881 966 962 consentit,
992 881 1048 960 qui
1069 882 1221 962 ,apposita
1244 882 1376 945 nomina

197 987 231 1051 in
261 987 372 1052 eodem
405 1006 538 1051 numero
568 987 718 1052 habenda
748 1006 819 1052 esse
853 989 987 1069 volunt,
1019 1007 1082 1068 quo
1114 989 1276 1053 adieciiva
1300 991 1376 1053 sub·

197 1094 354 1159 stantivis
377 1095 445 1159 suis
469 1095 614 1174 proxime
638 1094 820 1176 coniuncta,
846 1095 908 1158 nisi
934 1096 1018 1174 quod
1042 1095 1100 1158 illa
1124 1113 1165 1160 00
1182 1096 1230 1160 010
1246 1095 1375 1175 quidem

197 1220 290 1266 suam
326 1202 605 1267 substantivorum
641 1208 793 1266 naturam
830 1203 895 1266 ullo
931 1202 1025 1266 modo
1049 1210 1180 1267 exuant.
1229 1202 1289 1268 Sed
1314 1203 1376 1266 hoc

198 1327 324 1389 quoque
349 1309 455 1373 minus
479 1317 567 1374 recte
591 1309 710 1373 dictum
738 1327 808 1374 esse
832 1309 912 1373 mihi
937 1309 1115 1389 videtur*).
1164 1310 1246 1373 Nam
1271 1309 1376 1374 adiec-

198 1417 302 1480 tivum
327 1417 555 1482 attributivum
580 1435 645 1480 una
671 1435 741 1480 cum
766 1417 974 1481 substantivo
992 1434 1050 1480 suo
1067 1416 1248 1498 cogitatum
1273 1435 1377 1495 quare

196 1523 278 1588 illud
302 1525 375 1604 lege
399 1530 475 1588 ante
499 1524 751 1605 substantivum,
776 1524 884 1588 rarius
908 1529 982 1602 post
1001 1523 1032 1587 id
1049 1523 1189 1604 ponitur.
1214 1524 1376 1604 Apposita

197 1637 306 1695 autem
344 1632 432 1696 00110
468 1638 541 1711 post
577 1631 819 1696 substantivum
854 1632 1045 1712 primarium
1069 1649 1186 1711 perse
1210 1631 1377 1712 cogitatur

198 1743 231 1803 et
255 1744 323 1802 tum
342 1736 482 1819 quidem,
508 1756 578 1802 cum
596 1739 760 1803 sententia
778 1739 941 1803 enuntiati
957 1739 1021 1802 iam
1039 1739 1071 1802 111
1090 1739 1196 1804 animo
1215 1744 1373 1803 versatur.

77 1901 81 1915 .
122 1932 124 1937 ,
196 1845 313 1924 Itaque
346 1844 453 1908 omnia
486 1846 635 1926 apposita
666 1845 804 1925 quodam
838 1846 930 1909 modo
963 1845 1004 1908 ad
1038 1851 1141 1909 101001
1167 1845 1374 1910 enuntiatum

197 1953 250 2017 vel
274 1953 315 2016 ad
339 1953 475 2017 verbum
500 1952 626 2016 finitum
652 1952 847 2017 referuntur.
883 1951 977 2032 Quod
990 1954 1147 2032 probatur
1163 1953 1223 2017 hac
1236 1953 1372 2017 ratione.

198 2058 233 2124 Si
280 2057 418 2123 dicimus
469 2059 539 2121 sola
587 2061 687 2124 verba
733 2057 925 2140 Alexander,
970 2077 1025 2121 rac
1070 2057 1270 2123 Macedonum
1317 2066 1376 2123 aut

197 2165 420 2247 praedicatum
445 2165 703 2230 subaudiendum
728 2173 788 2248 001,
813 2165 1107 2249 0110100000010,
1140 2172 1198 2231 aut
1228 2184 1291 2229 non
1324 2172 1377 2230 est

197 2273 368 2356 appositio,
394 2273 451 2337 sed
476 2272 649 2337 decurtata
673 2274 865 2354 enuntiatio,
890 2275 924 2338 10
949 2292 1013 2353 qua
1027 2271 1100 2353 fait
1130 2274 1282 2338 omissum
1315 2281 1374 2338 est.

198 2380 291 2463 Quod
323 2387 430 2445 autem
461 2379 682 2460 appositiones
710 2381 833 2446 maiore
868 2382 1034 2445 minoreve
1062 2400 1133 2446 cum
1158 2380 1191 2447 vi
1216 2381 1258 2445 ad
1282 2399 1376 2461 prae-

198 2487 340 2552 dicatum
365 2487 553 2551 referuntur
578 2488 640 2551 duo
664 2488 904 2566 appositionum
930 2507 1051 2568 genera
1075 2489 1289 2570 distinguam:

301 2593 336 2678 a)
361 2594 511 2674 apposita
549 2612 611 2657 vox
647 2593 753 2657 minus
788 2593 828 2656 ad
865 2595 1088 2673 praedicatum
1112 2602 1248 2677 spectat,
1274 2602 1319 2676 01,
1346 2595 1373 2658 01

197 2700 294 2781 absit,
318 2700 484 2765 sententia
507 2699 671 2763 enuntiati
695 2718 757 2764 nou
783 2701 920 2764 multum
944 2699 1119 2765 afficiatur.
1155 2700 1376 2782 (Quodgenus

197 2808 296 2888 vulgo
320 2807 550 2873 attributivum
574 2805 785 2889 nominatur.)
1163 2880 1164 2884 Ἰ

306 2914 340 2998 b)
364 2916 515 3005 apposita
538 2935 602 2980 vox
625 2916 674 2980 ita
697 2915 738 2980 ad
762 2914 985 2995 praedicatum
1010 2920 1147 2996 spectat,
1178 2922 1213 2980 ut
1243 2917 1376 2982 omissio

197 3023 268 3087 eius
293 3024 488 3088 sententiam
514 3023 679 3088 enuntiati
705 3023 808 3102 ipsam
833 3023 928 3090 valde
953 3033 1148 3105 corrumpat.

305 3129 463 3212 Quoniam
499 3131 579 3195 haec
615 3130 655 3195 de
690 3132 723 3195 vi
759 3139 857 3211 atque
890 3137 1010 3195 natura
1044 3131 1258 3212 appositionis
1282 3149 1375 3212 prae·

196 3237 394 3317 monuimus,
419 3237 482 3301 iam
523 3237 563 3301 ad
603 3237 750 3317 exempla
788 3239 870 3319 eius,
910 3256 994 3317 quae
1033 3237 1119 3318 apud
1154 3238 1307 3301 Plautum
1341 3243 1375 3301 et

197 3345 386 3410 Terentium
417 3344 646 3424 inveniuntur,
682 3343 855 3421 tractanda
887 3349 1101 3409 transeamus
1148 3344 1257 3422 Atque
1281 3342 1377 3407 nobis

197 3452 425 3533 proposuimus
454 3450 641 3516 accuratius
670 3451 708 3515 de
741 3451 952 3517 collocatione
981 3451 1155 3533 disserere,
1181 3450 1264 3530 quod
1290 3451 1377 3515 tales

198 3559 406 3638 quaestiones
441 3559 580 3623 maxime
620 3565 718 3639 aptae
753 3565 831 3623 sunt
874 3558 915 3624 ad
949 3558 1116 3624 licentiam
1153 3557 1376 3639 coercendam,

198 3684 263 3746 qua
279 3673 418 3730 utuntur
441 3665 505 3731 viri
529 3666 626 3748 docti,
652 3685 723 3731 cum
748 3666 782 3730 in
808 3667 957 3730 versibus
982 3665 1192 3731 emendandis
1221 3672 1255 3732 et
1271 3672 1378 3732 metro

198 3772 476 3838 accommodandis
500 3775 603 3839 verba
627 3779 840 3854 transponere
863 3773 978 3838 solent.
988 3771 1036 3856 **)

262 3913 288 3977 *1
308 3912 418 3991 Rectius
445 3913 677 3980 Jungclaussenus
706 3913 837 3979 originem
865 3914 893 3967 in
927 3914 1118 3982 praedicativis
1147 3929 1214 3980 quae
1242 3916 1378 3966 vocantur

305 4001 445 4056 adiectiris
464 4001 607 4068 quaesivit.

242 4092 286 4157 **)
305 4091 406 4146 Eodem
434 4091 544 4145 consilio
573 4091 644 4146 Guil.
671 4092 790 4160 Kaempf
815 4093 1017 4147 collocationem
1043 4091 1207 4160 pronominis
1225 4089 1378 4156 personalis-

305 4182 377 4250 apud
404 4187 498 4249 poetas
526 4182 663 4235 scaenicos
689 4183 871 4237 Romanorum
899 4182 1031 4236 tractavit
1054 4181 1081 4234 in
1106 4179 1195 4234 studd.
1214 4179 1301 4233 Berol.
1320 4179 1373 4233 vol.

304 4271 355 4325 III.
375 4270 440 4324 fasc.
459 4271 496 4325 II.
524 4287 550 4339 p.
583 4273 718 4337 l(1886).
747 4271 885 4326 Vahlenus
909 4286 1022 4337 quoque,
1036 4269 1078 4323 vir
1091 4269 1268 4335 doctissimus,
1279 4275 1377 4323 contra

305 4361 496 4428 transponendi
514 4360 654 4414 libidinem
674 4362 780 4416 exstitit
798 4361 827 4414 in
846 4361 936 4414 Herm.
955 4359 1009 4414 vol.
1028 4359 1116 4414 XVII.
1134 4375 1160 4427 p.
1180 4361 1242 4414 607.
