3060 4876
631 370 853 430 ..29-

152 565 236 632 Eun.
256 565 329 629 352.
347 569 410 628 713
436 563 525 645 (post
549 568 702 644 quartum
727 561 864 641 pedem).
907 596 939 608 -
983 559 1051 624 Mil.
1082 565 1146 624 998
1157 577 1204 639 sq.
1242 545 1344 624 Cure.

155 679 218 738 345
229 691 274 753 sq.
300 672 389 751 (ante
414 671 564 751 quintum
589 668 723 752 pedem).
748 705 792 714 —
816 668 907 749 Oapt.
933 673 998 733 880
1012 685 1058 748 sq.
1104 667 1221 732 Pseud.
1249 671 1336 731 1155

152 780 244 866 (ante
267 779 402 845 tertium
428 778 565 860 pedem).
590 812 633 823 -
659 777 809 842 Cas.254
835 775 1110 858 (postsecundum
1126 773 1315 858 pedem).-

152 887 253 954 Stich.
277 892 352 951 570.
376 886 547 950 Γ11111956
573 886 663 966 (ante
686 901 854 948 caesuram
880 882 988 962 quarti
1013 881 1129 962 pedis).

315 996 377 1044 taut
388 1010 394 1043 :

152 1083 227 1136 Trin.
246 992 313 1134 611}ss
328 1079 350 1134 Ο
363 1095 408 1134 ere
427 1078 589 1146 Charmides,
609 1093 688 1144 quom
708 1077 813 1130 absenti
833 1076 877 1129 hic
895 1082 944 1129 tua
963 1091 1006 1129 res
1025 1075 1187 1130 distrahitur
1206 1075 1263 1142 tibi,

152 1172 232 1224 Truc.
252 1169 305 1223 499
316 1184 355 1236 sq.
375 1167 502 1235 ..Miles
521 1183 581 1221 rnea
599 1166 787 1234 Phronesium,

153 1259 214 1314 Tibi
233 1259 311 1312 adest
330 1258 537 1326 Stratophanes:
557 1272 628 1309 nunc
638 1260 719 1322 opust
728 1254 778 1308 tibi
789 1269 899 1322 aegram
913 1260 943 1307 ut
960 1266 986 1307 te
1003 1254 1154 1307 adsimules.
1171 1284 1204 1292 -
1218 1253 1304 1307 Tace!

260 1353 294 1416 in
318 1350 422 1416 media
447 1348 610 1413 enuntiati
635 1354 743 1428 parte:
777 1346 894 1426 Amph.
921 1351 994 1411 746.
1030 1346 1098 1410 Mil.
1123 1351 1198 1410 969.
1234 1345 1326 1410 Stich

158 1464 228 1524 150.
274 1459 362 1523 Trin.
387 1463 461 1522 899.
496 1459 580 1521 1140
613 1453 702 1536 (post
729 1461 881 1534 quartum
906 1452 1044 1536 pedem).
1069 1488 1112 1498 -
1136 1453 1228 1534 Capt.
1253 1457 1338 1515 872:

153 1566 253 1632 Stich.
278 1571 368 1651 527.
398 1564 488 1628 Trin.
510 1567 572 1626 875
610 1562 700 1640 (ante
736 1561 884 1640 quintum
922 1560 1057 1641 pedem).
1089 1595 1132 1604 —
1168 1559 1242 1624 Aul.
1263 1563 1338 1622 171.

38 1660 41 1666 ’
152 1675 224 1740 Ter.
248 1674 378 1738 Phorm.
403 1677 467 1735 842
501 1668 593 1752 (ante
617 1685 785 1734 caesuram
810 1667 919 1747 quarti
946 1666 1062 1750 pedis).

261 1778 372 1831 Restat:

155 1867 239 1921 Andr.
250 1868 310 1921 906.
329 1866 460 1919 Andrium
474 1879 525 1932 ego
539 1863 674 1917 Critonem
688 1861 783 1917 video?
800 1865 872 1914 certe
885 1862 908 1915 is
922 1868 972 1915 est.
986 1893 1019 1901 -
1034 1861 1127 1916 Salvos
1141 1862 1186 1928 sia,
1200 1861 1336 1914 Chremes.

261 1955 363 2009 Nomen
382 1955 519 2022 proprium
537 1953 647 2020 ponitur
666 1953 694 2005 in
714 1951 849 2005 enuntiati
868 1951 935 2005 fine:

118 2101 121 2106 ,
154 2045 230 2099 (lure.
249 2047 309 2100 342.
330 2044 396 2098 Dico
416 2059 457 2097 me
476 2044 591 2096 novisse.
630 2041 728 2109 ,Quidr
748 2042 871 2096 lenonem
892 2041 1076 2108 Cappadocem
1088 2040 1108 2093 l‘
1128 2041 1226 2094 Adnno

130 2116 229 2190 'Oura
248 2135 309 2189 582.
329 2134 414 2187 Tuom
433 2133 560 2187 libertum
580 2147 638 2185 sese
657 2131 734 2185 aibat
752 2147 810 2185 esse
829 2130 1015 2184 Summanum.
1035 2160 1066 2167 -
1089 2130 1196 2184 Meum?

153 2224 250 2278 Pseud.
269 2225 330 2277 977.
351 2222 419 2289 Quid
439 2228 481 2276 est
500 2221 523 2275 ei
542 2221 644 2274 homini
663 2221 780 2274 nomen?
799 2251 832 2260 —
854 2221 927 2274 Leno
948 2219 1042 2273 Ballio.
1063 2249 1094 2258 -
1117 2220 1206 2273 Scivin
1226 2219 1294 2288 ego?

154 2313 237 2366 Stich.
251 2313 311 2367 582.
325 2311 374 2365 Sed
387 2311 484 2364 videon
498 2326 548 2378 ego
563 2310 779 2377 Pamphilippum
793 2326 852 2363 cum
867 2309 952 2363 fratre
965 2309 1136 2377 Epignomo?
1156 2317 1237 2376 atquc
1250 2309 1272 2362 is
1286 2314 1337 2363 cst.

262 2402 393 2467 iambici
419 2400 557 2465 senarii:

263 2510 296 2573 in
321 2508 482 2574 enuntiati
507 2508 584 2572 fine:
609 2507 683 2572 Aul.
708 2513 782 2572 704.
805 2509 922 2574 Bacch.
952 2513 1022 2573 176.
1047 2509 1130 2574 Rud.
1155 2514 1216 2572 871
1245 2510 1338 2591 (ante

155 2634 322 2681 caesuram
348 2617 456 2696 quarti
481 2615 595 2696 pedis).

261 2721 372 2775 Restat:

152 2811 249 2865 Bacch.
269 2812 329 2867 172.
348 2811 442 2864 Saluto
463 2817 499 2878 te,
519 2811 607 2865 vicine
626 2811 730 2878 Apollo,
751 2811 796 2877 qai
816 2810 926 2864 aedibus

261 2921 378 2967 nomen
402 2903 568 2983 proprium
593 2903 625 2966 in
650 2903 756 2967 media
781 2903 943 2967 enuntiati
969 2909 1063 2982 parte
1086 2903 1235 2983 ponitur:
1261 2905 1335 2969 Aul.

155 3009 469 3073 559.Poen.1051.
494 3009 594 3074 Stich.
619 3014 683 3073 433
720 3012 807 3090 (post
830 3027 996 3074 caesuram
1021 3010 1130 3089 quarti
1154 3010 1268 3090 pedis).
1293 3047 1334 3055 -

154 3114 229 3180 Aul.
255 3120 328 3180 290.
373 3115 492 3180 Pseud.
520 3120 582 3179 193
607 3116 699 3197 (ante
724 3134 794 3181 eam
819 3118 1012 3199 caesuram).
1116 3118 1232 3198 Amph.
1262 3120 1334 3183 124.

154 3222 246 3288 Asin.
272 3228 323 3287 85.
369 3222 455 3287 Rud.
484 3227 557 3286 554.
603 3223 675 3287 Ter.
706 3223 790 3288 Eun.
820 3229 884 3288 918
917 3225 1006 3307 (post
1036 3243 1204 3289 caesuram
1241 3225 1333 3289 tertii

152 3328 270 3414 pedis).
297 3365 334 3375 --
362 3329 496 3395 Μ11.75
523 3329 613 3409 (ante
636 3348 707 3394 eam
732 3330 922 3415 caesuram).

261 3437 392 3503 iambici
417 3435 613 3518 septenarii:

261 3545 295 3609 in
319 3545 480 3610 enuntiati
504 3543 585 3609 fine:
611 3544 702 3610 Asin.
720 3550 793 3611 383.
803 3544 833 3628 *l
873 3545 956 3611 Rud.
981 3549 1043 3611 361
1071 3546 1160 3624 (ante
1184 3545 1333 3626 quintum

155 3650 290 3730 pedem).

215 3914 242 3980 *)
262 3916 338 3970 Asin.
357 3915 419 3972 383.
438 3916 529 3983 Atque
547 3918 692 3972 atriensem
711 3917 848 3987 Sauream,
868 3919 919 3972 sist
937 3921 1019 3987 intus,
1039 3925 1150 3973 evocato
1170 3919 1229 3972 hnc.

367 4005 445 4062 Unde
457 4008 557 4075 optime
568 4007 746 4076 intellegitur,
765 4010 896 4075 quomodo
910 4009 1025 4063 Plautus
1041 4015 1073 4063 ut
1084 4010 1226 4064 incisiones
1239 4024 1333 4063 versus

260 4112 319 4150 cum
344 4097 481 4151 sententia
506 4102 659 4165 congruant
681 4098 825 4153 studuerit.
864 4099 953 4154 Verba
978 4101 1049 4154 enim
1074 4099 1205 4152 atriensis
1225 4096 1333 4152 Saurea
1416 4084 1418 4088 ἱ

259 4191 357 4254 quater
381 4185 452 4254 apud
471 4186 600 4239 Plautum
624 4187 807 4241 inveniuntur.
845 4189 898 4242 Ter
923 4194 1013 4243 auteur
1038 4189 1127 4256 posita
1145 4193 1209 4241 sunt
1232 4188 1261 4241 in
1279 4187 1333 4242 fine

258 4275 389 4331 trochaici
405 4276 551 4343 septenarii
571 4275 657 4340 (Asin.
672 4277 733 4331 264.
746 4278 808 4331 347.
822 4277 902 4345 368);
919 4278 963 4331 hic
976 4292 1069 4330 versus
1082 4293 1140 4331 cum
1154 4277 1192 4330 sit
1203 4277 1332 4331 iambicus

260 4364 436 4434 septenarius,
464 4365 547 4420 verba
564 4367 612 4421 illa
629 4367 658 4421 in
676 4365 729 4421 fine
747 4366 844 4434 prioris
862 4368 948 4435 partis
967 4382 1068 4434 versus,
1097 4382 1166 4433 quae
1189 4367 1334 4421 trochaicis
