3060 4876
697 360 895 417 ..g-

102 558 104 562 ’
202 550 325 615 situel
358 533 496 630 propria
520 569 592 616 esse
616 551 788 632 cogitetur,
821 557 858 616 ut
882 553 922 616 ab
946 571 985 617 ea
1008 553 1136 634 seJungi
1160 562 1303 634 nequeat
1327 563 1385 619 aut

202 677 287 740 eam,
324 676 407 736 quae
441 658 507 722 alia
542 657 582 722 de
617 676 716 722 causa
740 663 840 737 atque
863 661 903 723 ob
926 660 1117 724 relationem
1148 663 1309 740 quandam
1334 663 1383 726 rei

203 766 421 846 attribuatur,
459 765 579 847 docuit,
615 765 648 828 in
685 765 781 830 huius
818 766 903 830 modi
926 767 1131 832 attributivis
1160 769 1263 833 omnis
1288 789 1384 849 appo-

207 873 336 938 sitIouis
371 873 574 954 syntaoticae
607 871 766 952 originem
810 874 1026 952 quaerendam
1063 875 1104 938 ad
1140 894 1275 955 eamque
1308 878 1385 941 sub·

202 981 426 1046 :stautivorum
450 981 686 1061 appositionem
712 1000 783 1046 esse
806 981 1010 1047 referendam
1026 982 1201 1047 contendit.
1227 983 1381 1065 „Omnem

206 1088 339 1169 itaque“
364 1089 471 1168 inquit
496 1090 689 1171 „verborum
715 1089 991 1170 coniunctionem,v
1008 1109 1091 1169 quae
1115 1090 1202 1154 illam
1236 1089 1381 1173 formam,

202 1216 271 1277 qua
318 1196 513 1261 attributiva
561 1214 597 1260 se
644 1195 684 1260 ad
731 1197 973 1261 substantivum
1010 1197 1188 1280 appIIcant,
1222 1199 1382 1282 imitatur,

202 1306 442 1386 appositionem
475 1303 701 1384 appellandam
735 1322 806 1369 esse
837 1323 961 1369 censeo.
1008 1304 1146 1384 Triplici
1181 1323 1259 1370 vero
1289 1306 1383 1371 modo

206 1414 266 1477 hoc
294 1412 364 1477 fieri
396 1412 488 1476 solet.
535 1411 666 1475 Etenim
697 1419 754 1475 aut
782 1412 980 1477 adiectivum
1016 1418 1049 1476 et
1077 1412 1284 1493 participium
1310 1433 1382 1478 cum

205 1520 424 1602 substantivo,
458 1526 515 1584 aut
550 1519 793 1584 substantivum
827 1539 898 1583 cum
930 1520 1137 1584 substantivo
1163 1526 1220 1584 aut
1245 1520 1383 1599 denique

200 1629 289 1692 aliae
336 1627 493 1692 orationIs
541 1638 652 1706 partos
700 1645 771 1691 cum
830 1626 961 1708 integra
1012 1628 1238 1692 enuntiatione
1278 1626 1382 1692 torma

208 1737 405 1801 attributiva
429 1734 584 1817 coniungi
608 1733 776 1814 possunt.“

310 1843 349 1906 In
374 1843 493 1922 quibus
517 1843 599 1906 illud
624 1862 737 1909 verum
761 1851 821 1924 est,
846 1844 930 1924 quod
948 1843 1109 1922 appositio
1127 1843 1247 1907 dicitur
1263 1843 1384 1906 habere

202 1953 368 2030 quandam
393 1950 434 2013 ad
460 1951 593 2014 verbum
617 1950 823 2030 relationem;
847 1951 903 2015 sed
922 1969 1035 2029 parum
1053 1958 1205 2015 accurate
1222 1950 1384 2016 adiectiva

202 2064 240 2122 et
265 2057 473 2121 substantiva
497 2075 560 2120 non
585 2056 824 2122 discernuntur.

314 2164 509 2246 Fuistiugii'
553 2164 593 2228 de
639 2165 772 2245 syntaxi
809 2165 1056 2230 convenientiae
1092 2165 1225 2245 linguae
1258 2164 1382 2228 latinae

201 2273 373 2352 (Miinstcr
421 2273 519 2352 1836)
582 2272 675 2355 liber,
741 2272 821 2336 milri
881 2273 1013 2352 praesto
1075 2292 1139 2336 non
1197 2272 1268 2336 tuit.
1318 2271 1382 2336 Sed

206 2380 371 2459 Teipelius
403 2398 476 2444 nov.
507 2398 581 2444 ann.
610 2380 702 2461 (Lps.
737 2379 837 2463 1840)
862 2381 925 2446 vol.
961 2379 1121 2445 XXVIII.
1160 2401 1190 2461 p.
1225 2383 1287 2444 297
1314 2399 1382 2459 sqq.

201 2505 375 2552 censuram
401 2487 487 2552 fecit.
511 2488 562 2551 Ex
586 2506 624 2552 ea
642 2490 721 2552 haec
745 2489 891 2568 cognovi.
921 2488 1132 2569 Fuistingius
1146 2488 1382 2570 appositIonem

206 2595 257 2659 his
282 2595 391 2660 verbis
415 2593 544 2659 definit:
570 2596 644 2677 „die
667 2594 863 2675 Apposition
876 2595 921 2658 ist
936 2594 1009 2659 eine
1026 2595 1249 2676 Verbinduug
1261 2596 1383 2658 welche

205 2701 294 2766 ihrer
321 2701 512 2767 Wesenheit
535 2703 618 2765 nach
643 2702 805 2767 zwischen
831 2702 888 2766 der
912 2701 1167 2766 unmittelbaren
1185 2702 1251 2767 und
1264 2701 1383 2765 mittel-

206 2810 318 2889 baren‚
344 2808 506 2874 zwisclren
532 2809 588 2874 der
613 2809 820 2874 Kenkretion
845 2810 910 2875 und
929 2808 1129 2889 Kopulation
1155 2809 1266 2890 licgt.“
1292 2808 1384 2891 Quae

203 2916 372 2982 sententia
396 2936 460 2982 non
484 2917 592 2991 minus
616 2917 768 3000 anrbigua
792 2924 853 3000 est,
878 2936 974 2998 quam
991 2917 1129 2997 Teipelii
1152 2923 1203 2983 est
1227 2917 1382 2996 vlolenta.

205 3024 239 3089 Is
263 3024 348 3089 enirn
375 3026 512 3105 quodam
537 3024 630 3090 modo
653 3025 918 3107 Juugclausseuo
954 3025 1159 3109 adversatur,
1198 3044 1268 3090 cum
1305 3025 1382 3090 dicit

207 3150 265 3216 „so
290 3133 442 3197 erklaren
480 3133 539 3197 WIr
573 3133 621 3197 sie
653 3132 706 3197 fiir
738 3133 832 3197 einen
857 3133 1056 3199 verkiirnten
1081 3133 1299 3214 Relativsam,
1326 3134 1384 3197 der

204 3241 312 3305 einem
337 3239 551 3306 substantive
575 3240 653 3304 oder
677 3241 935 3306 substantivisclr
953 3243 1176 3322 gebrauchteu
1190 3239 1384 3305 Ausdruclre

202 3347 258 3414 ein
297 3348 435 3413 anderes
471 3348 666 3414 Substantiv
702 3349 779 3414 oder
822 3348 919 3414 einen
963 3348 1088 3412 andern
1124 3345 1384 3411 substantivisch

207 3457 432 3538 gebrauchten
456 3455 632 3520 Ausdruck
656 3455 861 3520 sclrlcchthIn
885 3455 967 3535 (also
991 3454 1075 3518 ohne
1091 3440 1282 3534 Berichung
1295 3453 1384 3518 einer

203 3564 418 3629 adverbialen
453 3564 681 3645 Bestimmung
705 3600 745 3610 -
771 3583 797 3627 z.
821 3565 857 3628 Β.
885 3563 976 3628 einer
1010 3562 1159 3644 Absicht
1184 3563 1384 3648 Folge‚Be·

208 3671 368 3753 dingung)
392 3673 427 3736 in
452 3670 636 3737 demselben
661 3672 770 3736 Kasus
793 3706 838 3716 -
861 3670 913 3735 die
942 3671 1153 3736 Ausnahmen
1177 3671 1251 3736 sind
1284 3672 1385 3736 leicht

203 3796 248 3842 :zu
272 3780 427 3844 erkldren
450 3816 492 3824 -
518 3779 716 3861 beigesellt.“

311 3905 383 3968 Non
417 3911 506 3969 recte
539 3904 753 3986 appositionis
788 3902 945 3969 ambitum
982 3907 1227 3988 angustioribus
1265 3903 1384 3967 finibus

209 4030 371 4095 coercens
396 4012 484 4077 iuter
520 4013 651 4094 singula
682 4013 778 4078 nimis
809 4013 976 4078 subtiliter
1007 4014 1193 4096 distinguit.
1240 4011 1384 4076 Censura

204 4126 318 4185 autem
342 4120 399 4184 illa
422 4139 505 4200 quae
521 4120 652 4202 legatur
668 4120 767 4202 digna
783 4129 848 4204 est3
872 4139 946 4185 nam
964 4121 1117 4202 optimam
1134 4120 1382 4200 sententiarum,

208 4245 293 4305 quae
316 4233 384 4292 tum
410 4234 504 4293 erant
528 4229 568 4293 de
593 4230 806 4313 appositione,
824 4227 1084 4296 conturbatIonis
1099 4227 1273 4307 imaginem
1291 4229 1384 4292 nobis

84 4379 88 4388 .
207 4335 367 4415 proponit.
414 4335 474 4400 Oui
498 4337 651 4403 confusae
674 4340 792 4403 rationi
810 4338 985 4419 opponitur
998 4335 1194 4418 Schultzius,
1220 4336 1275 4416 qui
1299 4355 1384 4401 anuo

208 4484 335 4544 A
