3060 4876
650 368 850 430 ,9,-

163 568 246 627 1843
271 562 305 627 in
334 560 495 642 prooemio
520 559 775 624 Prenzlawiensi
801 559 837 621 dc
860 561 983 642 linquae
1006 558 1123 621 loliano
1146 559 1337 643 oppositione

154 671 288 750 copiose
311 675 344 735 et
368 672 558 733 constanter
581 668 658 748 egit.
694 666 727 731 Is
749 666 984 747 appositionem
1010 667 1070 730 hoc
1093 665 1186 730 modo
1211 666 1336 731 definit:

160 775 355 858 „Appositio
399 776 469 840 sive
513 774 715 854 Epexegesis
756 792 794 838 ea
839 785 889 838 est
944 773 1143 838 substantivi
1173 763 1336 839 ¹alicuius

154 882 345 964 explicatio,
371 899 463 964 quae,
478 879 516 944 fit
540 898 598 959 per
621 879 710 943 aliud
735 881 978 945 substantivum
1004 881 1094 944 nulla
1115 881 1336 946 intercedente

156 990 277 1071 copula
301 989 411 1054 eodem
438 1005 514 1052 casu
539 985 751 1052 subiectum.“
798 988 919 1052 Eadem
945 988 1135 1068 Kruegerus
1163 988 1226 1051 iam
1252 1007 1336 1052 anno

163 1101 248 1161 1842
286 1096 452 1175 docuerat,
490 1113 582 1174 quem
618 1101 749 1159 secutus
785 1103 835 1159 est
870 1095 1065 1160 Kuelmerus
1102 1096 1226 1176 (1878).
1273 1095 1336 1161 Sed

158 1210 270 1269 tamen
306 1203 526 1284 Fuistingium
563 1210 596 1267 et
628 1202 806 1283 Teipelium
850 1209 981 1266 secutus
1017 1202 1206 1283 Kruegerus
1241 1204 1335 1265 victor

155 1313 324 1394 coercitus,
350 1310 453 1376 Cicero
476 1311 579 1373 cortsol
603 1311 784 1391 similiaque
801 1310 1004 1391 appositione
1021 1308 1110 1375 facta
1128 1328 1198 1374 esse
1217 1317 1334 1392 negat3

134 1428 273 1490 ¹contra
309 1427 417 1483 autem
454 1415 621 1502 Pompeios
655 1438 676 1480 a
709 1417 859 1480 quiritibus
893 1415 1029 1479 desertus
1053 1436 1110 1497 pro
1134 1417 1337 1498 appositione

160 1528 266 1594 babet.
317 1527 426 1591 Etiam
464 1525 664 1591 Sohmalzius
699 1526 732 1589 in
769 1525 1005 1607 elocutionibus
1041 1532 1077 1589 ut
1112 1524 1199 1588 tono
1233 1543 1336 1588 servus

159 1635 322 1699 attributa
357 1633 557 1698 substantivi
593 1651 664 1697 esse
700 1652 771 1696 cum
807 1633 918 1714 docet,
955 1651 1010 1696 eas
1045 1634 1086 1695 ab
1123 1633 1336 1713 appositionis

160 1742 288 1805 ratione
312 1740 466 1820 seiungit.
505 1738 609 1821 Quam
627 1740 880 1803 inconstantiam
894 1740 1080 1804 Sclmltzius
1093 1742 1175 1804 bene
1190 1741 1337 1805 evitavit.

159 1847 224 1913 Sed
249 1847 437 1928 priusquam
472 1866 539 1912 rem
575 1847 760 1911 accuratius
796 1846 961 1929 explicem,
999 1847 1114 1910 Haasii
1139 1847 1336 1912 sententiam

161 1954 279 2020 afferre
303 1955 380 2019 mihi
404 1955 510 2020 liceat.
557 1955 657 2019 Fines
682 1955 766 2018 enim
791 1954 879 2018 inter
902 1954 1033 2018 nomina
1064 1955 1272 2019 substantiva
1304 1962 1338 2019 et

155 2063 327 2128 adiectiva
350 2081 419 2127 cum
446 2062 542 2128 valde
564 2062 723 2127 fluctuent
748 2062 956 2127 doctissimus
980 2062 1035 2126 ille
1060 2063 1110 2128 vir
1122 2061 1338 2145 (Vorlesggi.

160 2171 263 2252 Lng.
303 2175 388 2234 1874
423 2190 452 2249 p.
478 2169 557 2251 211)
593 2170 680 2234 11111
712 2171 906 2234 attributum
941 2177 974 2234 et
1008 2171 1243 2251 appositionem
1276 2168 1339 2233 dis·

159 2296 292 2342 cernere
315 2277 421 2341 noluit
451 2278 562 2341 eodem
595 2278 675 2342 vitio
701 2278 734 2340 in
759 2296 794 2341 se
818 2277 969 2358 admisso,
995 2278 1080 2357 quod
1105 2296 1205 2356 supra
1230 2277 1337 2358 Jung-

160 2386 332 2448 clausseno
364 2383 491 2447 crimini
524 2383 605 2446 dedi.
652 2384 716 2447 Pro
741 2384 871 2464 vulgari
896 2385 1072 2462 partitione
1096 2385 1240 2448 Haasius
1265 2387 1339 2450 sub·

162 2493 273 2556 stituit
297 2493 443 2557 alteram.
479 2492 561 2556 Nam
578 2491 686 2555 omnia
703 2493 852 2572 exempla
876 2492 1155 2557 substantivorum
1169 2493 1339 2558 attributis

159 2597 360 2680 affectorum,
395 2618 530 2679 quorum
563 2599 596 2663 in
628 2617 795 2664 numerum
831 2599 934 2664 relert
970 2600 1067 2664 etiam
1105 2600 1337 2683 appositiones,

158 2725 200 2772 ex
224 2726 264 2772 ea
286 2707 412 2772 ratione
437 2707 566 2789 dividit,
592 2706 749 2786 quomodo
770 2712 803 2772 et
824 2725 920 2786 quam
954 2712 1045 2771 arcte
1073 2708 1283 2774 substantiva
1306 2713 1339 2772 et

159 2815 325 2880 attributa
349 2816 598 2896 coniungantur.
644 2816 725 2880 Tres
750 2821 859 2879 autem
885 2815 1103 2896 coniungendi
1129 2815 1240 2908 modos
1265 2833 1338 2880 esse

159 2923 254 3003 dicit,
280 2942 360 3002 quos
383 2921 574 3004 Inhaerent,
600 2923 795 3002 Cohaerenx,
821 2922 1145 3025 Adliaereanocat.

167 3099 170 3104 ,
270 3045 332 3112 Sed
364 3052 401 3110 ut
432 3065 542 3110 omnes
576 3046 785 3110 difficultates
815 3064 898 3124 quae
929 3064 1039 3129 exeo,
1074 3047 1158 3126 quod
1184 3048 1337 3114 adiectivi

159 3159 195 3217 et
220 3153 419 3218 substantivi
443 3151 525 3218 fines
549 3172 662 3232 parum
681 3153 760 3217 certi
777 3160 864 3235 sunt,
882 3153 1033 3218 oriuntur
1049 3153 1088 3219 ad
1104 3156 1339 3236 appositionem

166 3267 255 3326 recte
280 3261 532 3343 intellegendam
556 3260 717 3343 tollamus,
742 3261 775 3324 in
798 3269 938 3327 mentem
964 3270 1161 3347 revocemus,
1187 3283 1269 3344 quae
1300 3265 1340 3331 de

154 3369 363 3450 diversitate,
374 3388 457 3449 quae
470 3369 615 3433 estinter
625 3368 866 3434 substantivum
878 3388 948 3434 oum
957 3369 1119 3435 adiectivo
1130 3371 1338 3436 coniunctum

160 3482 193 3541 et
218 3477 460 3542 substantivum
485 3495 556 3541 oum
581 3476 786 3541 substantivo
810 3477 1027 3559 coniunctum,
1053 3477 1246 3557 supradixi.
1269 3477 1338 3542 Iam

162 3602 319 3661 ponamus
343 3604 400 3665 pro
423 3586 541 3646 nomine
564 3583 772 3648 substantivo
788 3584 939 3646 notionem
955 3584 1206 3656 substantivam.
1222 3586 1339 3667 Itaque

156 3689 400 3769 appositionem
424 3692 476 3756 bis
511 3691 621 3757 verbis
657 3689 790 3755 definio:
830 3692 1028 3773 appositio
1065 3710 1112 3756 ea
1145 3700 1211 3757 est
1243 3696 1339 3760 sub·

162 3797 368 3863 stantivae
402 3800 585 3864 notionis
618 3799 861 3881 explicatio,
898 3818 995 3880 quae
1028 3799 1079 3864 111
1114 3820 1182 3881 per
1218 3802 1337 3867 aliam

160 3904 466 3970 substantivam
493 3907 702 3972 notionem
730 3906 841 3971 nulla
873 3908 1165 3974 intercedente
1196 3909 1339 3990 copula

154 4011 298 4076 eodem
331 4031 429 4077 casu
467 4013 702 4080 subiectam.
749 4013 865 4095 Itaque
897 4017 923 4080 si
956 4035 1071 4080 nomen
1105 4007 1236 4096 aliquod
1264 4019 1339 4080 sub·

162 4120 341 4184 stantivum
368 4126 547 4201 usurpatur
570 4140 628 4202 pro
652 4122 816 4187 adiectivo
841 4123 1001 4203 appositio
1027 4122 1163 4186 dicenda
1187 4141 1250 4186 non
1272 4133 1338 4206 est3

160 4232 276 4291 contra
299 4229 326 4292 si
351 4228 547 4294 adiectivum
565 4230 726 4309 quoddam
743 4249 800 4310 pro
817 4231 1023 4295 substantivo
1041 4228 1160 4293 dicitur
1176 4232 1338 4311 appositio

161 4342 251 4398 recte
276 4336 469 4417 appellatur.

268 4443 338 4507 Iam
363 4463 556 4524 quaeramus
580 4464 644 4525 qua
667 4445 795 4510 ratione
826 4445 909 4509 duae
933 4445 1081 4510 notiones
1112 4448 1339 4514 substantivae
