3060 4876
647 341 869 400 ..17-

276 535 314 599 In
339 533 488 599 omnibus
511 533 563 598 his
586 533 666 598 locis
689 532 777 595 loomo
794 532 1012 613 anteponitur.
1040 530 1133 611 Apud
1158 529 1348 595 Terentium

168 643 297 708 nullum
314 641 420 706 ¹huius
446 640 533 705 modi
557 639 740 721 exemplum
764 639 883 705 inveni.

279 751 308 815 b.
332 749 470 814 Nomina
483 748 702 828 substantiva,
721 766 803 826 quae
817 746 952 811 formam
965 746 1198 812 adiectivorum
1217 745 1349 825 habent,

172 865 209 922 ut
234 858 506 934 adulescens,
532 855 709 933 amicus,
735 855 952 936 captivos,
978 853 1212 936 mendicus
1238 870 1350 933 pere·

168 965 343 1047 gaiane,
368 980 531 1028 servos:

280 1071 347 1135 Eos
375 1071 472 1150 locos,
498 1069 531 1133 in
560 1069 678 1148 quibus
702 1067 912 1150 adolescens*)
948 1088 1020 1134 curn
1044 1067 1159 1131 homine
1189 1067 1348 1150 iungitur,

173 1179 238 1243 iam
262 1196 362 1256 supra
385 1176 551 1256 exscripsi.
598 1177 695 1258 Apud
719 1176 888 1241 Plautum:
917 1177 1032 1240 Bacch.
1059 1182 1109 1240 55.
1134 1176 1250 1240 Pseud.
1275 1179 1348 1241 434.

172 1285 262 1349 Trio.
302 1290 372 1349 131.
408 1285 525 1350 Bacch.
561 1289 619 1362 883
659 1283 748 1363 allud
780 1283 984 1348 Terentium:
1024 1284 1129 1350 Andr.
1165 1291 1238 1348 328.
1276 1288 1349 1347 910.

173 1392 301 1457 Pltoum.
329 1396 422 1456 1040.

656 1514 869 1526 *—

172 1626 264 1690 Asin.
289 1628 363 1689 445.
389 1623 487 1694 ..da
502 1620 666 1689 commoda
690 1624 806 1688 leonini
827 1627 932 1689 clinico.

174 1732 291 1797 Bacch.
310 1737 372 1794 386
385 1749 431 1810 sq.
470 1727 600 1794 Homini
615 1733 713 1796 amico
726 1733 815 1811 quisi
827 1732 949 1798 amicus
963 1733 1009 1798 ita
1023 1739 1059 1797 ut
1072 1750 1188 1796 nomen
1204 1731 1351 1812 possidet

172 1840 246 1904 Nisi
270 1838 346 1903 deos
370 1838 400 1903 ei
424 1837 471 1901 nil
495 1846 679 1918 praestare:

173 2054 266 2119 Cure.
292 2059 366 2118 332.
390 2053 436 2120 Ut
460 2053 554 2118 decet
577 2054 661 2118 velle
684 2053 833 2117 hominem
856 2055 988 2117 oonicnm
1012 2055 1115 2120 amico
1135 2053 1351 2135 atqueopitu-

1235 2161 1350 2225 larier:

173 2268 264 2332 Pers.
289 2273 362 2331 596.
387 2319 393 2332 .
412 2318 418 2332 .
436 2268 583 2346 quantist
598 2268 746 2332 lominem
761 2270 892 2331 alnienm
907 2269 1072 2352 adhibere,
1087 2269 1142 2333 ubi
1156 2269 1233 2350 quid
1246 2287 1351 2351 geras,

282 2372 378 2438 quanti
397 2371 412 2426 ἔ
429 2371 477 2424 Do
507 2377 637 2437 quantum
663 2377 705 2426 est
736 2372 835 2441 reliqui
864 2391 924 2427 cnm
957 2374 992 2427 A.
1029 2372 1351 2428 KOMINEMAMIOUM.

176 2460 363 2514 ADKIBERE
383 2460 409 2513 A
429 2460 556 2514 adhibere
575 2461 709 2514 hominem
729 2463 843 2516 amioum
863 2463 970 2530 reliqui.
1063 2483 1064 2486 ¹

175 2552 263 2617 Trio.
282 2558 355 2617 924.
381 2553 470 2618 Bene
495 2561 529 2617 te
552 2553 662 2635 potius
686 2553 793 2619 <linere
816 2562 986 2635 aequomst
1008 2554 1124 2650 loomini
1140 2556 1239 2621 amieo
1255 2575 1350 2637 quam

1259 2666 1352 2730 male.

174 2766 236 2832 Ad.
261 2772 335 2831 443
360 2765 462 2833 Homo
486 2768 604 2831 coiens
627 2768 808 2833 nobisssiam
833 2770 909 2834 inde
933 2789 952 2834 a
977 2788 1091 2850 puero:

175 2876 293 2940 Heaut.
319 2881 381 2939 557
409 2873 570 2939 Hominem
594 2877 724 2938 omionm
748 2878 892 2959 recipere
916 2876 1002 2941 aute
1019 2883 1200 2957 atqueeius
1215 2878 1349 2943 nauticam

1161 2986 1351 3068 subigitare.

175 3088 303 3152 Phorm.
330 3093 402 3151 562.
428 3087 523 3153 Solus
546 3095 597 3152 est
620 3087 706 3151 nono
729 3091 832 3156 amico
856 3092 982 3158 amiens.

283 3192 385 3246 amicus
404 3191 488 3246 amico
508 3193 543 3246 Jn’.
562 3191 671 3247 Donati
689 3193 743 3248 Ed.
758 3213 803 3264 pr.
823 3197 854 3250 in
873 3197 958 3252 lemm.

166 3445 267 3525 Capi.
294 3450 365 3510 100.
389 3444 539 3510 Homines
560 3449 696 3532 cepticos
718 3457 953 3535 conmercatur,

168 3550 261 3614 Meu.
287 3558 337 3616 79.
361 3550 507 3616 Homines
531 3555 668 3639 captivos
692 3557 747 3636 qui
771 3558 897 3623 catenis
920 3559 1080 3643 vinciunt,
1162 3577 1165 3581 ’

165 3817 251 3884 Aul.
274 3821 351 3882 423.
375 3818 438 3883 Sed
463 3821 542 3899 quid
566 3823 625 3887 tibi
651 3843 709 3890 nos
733 3826 877 3909 tactiost,
903 3825 1034 3891 mendice
1055 3828 1165 3894 loono?

284 3921 327 3976 Sic
346 3923 518 3978 Hermannus
537 3925 569 3979 de
588 3933 665 3982 metr.
685 3946 710 3997 p.
730 3932 791 3985 171.
816 3947 865 3985 nos
884 3933 1004 3988 mendice
1022 3933 1100 3989 homo
1119 3937 1204 3991 tactio
1223 3945 1265 3992 est
1279 3939 1353 3995 libri.

167 4014 278 4079 Stich.
307 4021 378 4081 135.
408 4017 518 4083 Vosne
549 4019 695 4085 latrones
705 4029 739 4087 et
753 4023 905 4090 mendieos
916 4024 1051 4091 homines
1067 4030 1177 4111 magni
1190 4031 1353 4111 penditis?

166 4157 168 4161 ¹
177 4157 388 4170 -ι-

230 4243 256 4308 *l
285 4245 325 4300 Cf.
345 4245 409 4304 Sall.
428 4246 487 4302 Oai.
507 4248 550 4303 38.
570 4250 595 4304 1.
614 4249 675 4319 Ing.
704 4252 729 4306 6.
757 4253 783 4307 2.
811 4253 837 4308 h.
866 4255 1034 4325 adulescens3
1074 4257 1138 4312 Sall.
1159 4257 1219 4314 eat.
1247 4261 1289 4316 52.
1318 4263 1353 4318 26

284 4334 310 4388 h.
331 4337 555 4393 adulescentulus.
