3060 4876
644 408 864 468 -45-

172 607 308 688 aliquis:
332 603 427 687 Epid.
453 609 527 668 399.
563 602 649 668 Men.
674 606 748 664 674.
785 600 881 665 Mero.
908 602 981 665 130.
1018 604 1139 679 adeso.
1172 596 1350 663 sticum.

173 713 289 780 Pseud.
316 716 412 799 1284.
447 710 509 777 Ad.
535 714 609 775 634.

172 822 268 888 alter:
294 820 366 886 Cas.
391 823 494 898 boso.
519 814 639 881 Pseud.
665 818 759 878 1260.

171 928 274 993 alius:
299 923 396 1011 [Rud.
423 919 487 1008 10.]
514 922 607 988 (iuro.
632 926 705 985 378.
730 920 830 986 Stich.
856 922 930 986 370.

477 1050 503 1109 γ.
549 1046 668 1111 pars,
692 1045 853 1111 genus,
878 1045 1080 1093 numerus

173 1158 262 1222 pars:
287 1139 381 1205 Most.
408 1142 530 1218 114sq.
553 1136 642 1202 Trio.
668 1140 765 1217 34sq.
790 1136 885 1200 Truo.
913 1140 985 1199 109.

174 1246 266 1329 Oapt.
284 1251 357 1310 232.
381 1244 462 1309 Nam
479 1241 549 1309 fere
563 1261 715 1309 maxuma
732 1261 809 1325 pars
825 1260 944 1307 morem
956 1242 1042 1306 huno
1058 1242 1204 1307 homiues
1219 1242 1351 1314 habent,

280 1349 425 1419 Ussingius
443 1363 551 1402 versum
581 1348 702 1416 spurium
730 1361 788 1401 esse
816 1351 923 1408 oenset3
952 1345 1089 1400 Schaafius
1117 1346 1161 1412 (de
1186 1352 1276 1415 genet.
1299 1363 1351 1402 usu

173 1440 264 1494 Plaut.
283 1455 308 1506 p.
338 1439 380 1494 16.
409 1437 473 1492 diss.
502 1437 564 1491 Hal.
594 1437 676 1504 1881)
703 1437 795 1504 inepte
823 1435 953 1490 defendit.
979 1435 1095 1489 Tradita
1112 1436 1191 1490 lectio
1210 1453 1263 1490 nou
1283 1452 1353 1491 oom-

172 1527 302 1597 probatur
319 1527 372 1582 nisi
390 1542 444 1581 uno
463 1526 597 1594 exemplo:

171 1618 248 1687 Epid.
268 1618 322 1672 213
330 1633 370 1685 sq.
389 1616 457 1670 Tmo
478 1616 649 1673 meretricum
669 1630 796 1669 numerus
816 1621 920 1682 tantos,
940 1616 1113 1682 quantumin
1126 1615 1191 1669 mbe
1204 1615 1276 1668 omui
1289 1614 1352 1682 fuit,

172 1708 285 1763 Obviam
305 1713 417 1761 ornatae
436 1704 613 1759 occurrebant
631 1705 686 1758 suis
706 1718 827 1770 quaeque
844 1703 882 1756 ibi
900 1704 1078 1758 amatoribus:

279 1811 401 1864 quaeque
419 1795 456 1848 ibi
475 1793 594 1848 Mueller
612 1791 726 1846 Nacblr.
741 1809 771 1860 p.
791 1793 856 1847 125.
877 1807 999 1859 quaeque
1018 1792 1092 1847 llbrl.

175 1886 322 1941 Schoellius
349 1889 422 1940 recte
451 1884 545 1938 scribit
573 1880 648 1936 Nam
673 1884 731 1952 fero
756 1899 855 1936 morem
882 1882 954 1936 lonc
972 1882 1093 1938 bomloea
1110 1884 1216 1939 babeat.

174 1997 291 2061 genus:
316 1978 414 2043 Poen.
438 1982 558 2058 833sq.
583 1975 679 2056 ..qui
704 1975 804 2039 habet
827 1973 912 2054 quod
936 1974 1000 2054 det,
1026 1981 1101 2039 utut
1124 1976 1261 2059 homost,

173 2086 291 2153 Omnia
314 2102 436 2167 genera
459 2083 680 2166 recipiuntur:

280 2196 344 2244 utut
363 2189 441 2243 bomo
461 2193 503 2242 est
524 2186 679 2243 Gallelooos
697 2192 729 2240 ut
748 2187 827 2241 homo
846 2191 888 2240 est
908 2186 982 2241 libri.

173 2299 341 2347 numerus:
365 2278 461 2360 Epid.
486 2286 609 2360 2l3sq.
633 2279 708 2344 vide
731 2296 840 2360 supra.

230 2396 254 2459 j
389 2385 415 2450 d.
462 2388 610 2467 σχῆμα
643 2376 869 2448 καθ’ὅλον
904 2385 984 2448 καὶ
1018 2381 1168 2468 μέρος.

175 2494 247 2560 Cas.
272 2498 347 2558 337.
393 2490 475 2573 Quis
498 2493 577 2557 mibi
601 2493 775 2558 subveniet
797 2499 891 2574 tergo
916 2498 973 2557 aut
990 2492 1088 2575 capiti
1105 2498 1164 2557 aut
1176 2491 1351 2558 cruribus?

176 2600 255 2667 cist.
278 2588 354 2667 474.
378 2599 540 2689 ..Utrum
565 2600 626 2664 hac
650 2618 700 2665 me
723 2600 839 2665 feriam
863 2619 906 2664 an
930 2601 971 2664 ab
997 2601 1091 2665 laeva
1114 2598 1228 2665 latus?

173 2709 388 2789 Menoeceo.
412 2706 592 2772 ..securim
617 2707 743 2788 capiam
760 2707 933 2788 ancipitem
951 2712 1049 2787 atque
1066 2707 1150 2770 hunc
1166 2724 1276 2771 senem
1293 2732 1350 2773 -:

173 2817 256 2883 Osse
277 2816 335 2881 dni
360 2815 518 2880 dedolabo
542 2815 713 2880 assulatim
737 2815 872 2881 viscera.

280 2921 346 2975 Post
364 2935 455 2973 senem
473 2920 656 2973 anocolotboe
673 2919 774 2974 atatalt
795 2917 961 2972 Gronovius:
980 2918 1083 2972 scillcet
1100 2919 1227 2973 caedendi
1242 2919 1352 2975 vebum

173 3011 251 3078 qesta
269 3007 459 3062 Memcobmoa
473 3025 674 3078 poppyeawqoe
692 3008 808 3075 supplet.
850 3007 1005 3063 Senemosse
1022 3006 1070 3061 fini
1088 3008 1218 3063 dedolabo
1237 3009 1273 3063 B.

174 3099 242 3164 Mil.
269 3101 343 3163 204.
367 3098 513 3163 Dextera
536 3099 651 3179 digitis
673 3099 834 3164 rationem
859 3106 1029 3181 coaptabat:

188 3273 191 3280 1
280 3203 427 3257 Lorenzius
445 3202 556 3258 deutera
574 3200 642 3258 false
660 3220 708 3272 pro
728 3204 902 3272 nominativo,
929 3205 1037 3260 Brixius
1061 3211 1134 3261 recte
1158 3223 1205 3275 pro
1231 3208 1353 3262 ablativo

173 3291 269 3433 liddgtt
294 3372 410 3447 730sq.
457 3367 543 3432 Vino
567 3373 601 3433 et
625 3367 718 3435 victu
739 3339 850 3451 probo,
874 3369 1003 3452 piscatu
1027 3369 1148 3434 electili

173 3475 284 3540 Vitam
309 3475 425 3540 colitis.

280 3598 354 3650 victu
373 3599 455 3665 probo
474 3599 581 3667 piscatu
603 3596 758 3652 Gulielmoa
776 3598 882 3665 piscatu
901 3597 985 3665 probo
1005 3595 1079 3652 libri.

173 3685 264 3752 Pers.
289 3692 353 3750 630
365 3703 411 3767 sq.
436 3691 524 3756 ..Ut
547 3689 626 3754 mibi

174 3791 283 3857 Mater
306 3792 401 3873 dixit,
425 3793 460 3857 in
483 3796 603 3878 culina,
627 3797 661 3862 iu
686 3797 807 3878 angulo
832 3795 873 3859 ad
896 3795 1025 3860 laevam
1048 3814 1189 3863 manum.

283 3901 312 3966 b.
358 3899 479 3965 Omnes
516 3908 626 3982 partes
656 3901 889 3969 distributivae
902 3902 1128 3984 appositionis
1152 3902 1354 3986 afferuntur3

456 4027 488 4106 α)
512 4025 730 4113 coniungendi
762 4029 853 4094 deest
888 4027 1062 4110 particula:
1172 4066 1176 4072 ·
1304 4098 1305 4101 ,

172 4131 216 4196 al
230 4137 324 4198 ter·
336 4132 427 4198 alte
438 4152 468 4198 1⁸:
493 4131 585 4198 Asin.
598 4136 671 4200 ola.
682 4134 779 4201 Poen.
788 4141 830 4200 83
839 4153 907 4216 sqq.
920 4136 1015 4200 Troe.
1031 4135 1349 4218 recoquendam.

173 4239 1351 4330 ceteriloci:Amph.41sqq.loss.†1132sq.*)Asin.†1es.Bacchelsq.

239 4382 264 4448 *i
283 4383 348 4438 Loci
366 4399 443 4439 cruce
461 4384 551 4439 notati
568 4384 700 4452 praebent
718 4387 839 4457 exempla
857 4386 1035 4458 appositionis
1053 4386 1216 4444 collectivae.
