3060 4876
660 375 883 435 ..41-

171 571 261 636 Nem
300 569 436 651 primum
477 566 621 633 dubitari
662 572 780 648 potest,
820 584 896 631 num
936 566 1073 631 Plautus
1111 564 1146 630 in
1184 567 1245 631 tali
1284 568 1362 634 sub·

170 676 397 743 stentivorum
433 673 694 757 appositionibus
725 673 931 738 definitorum
965 690 1123 738 concursu
1156 673 1253 739 elteri
1277 691 1361 739 com·

178 786 289 867 plures
313 783 536 864 appositiones
560 780 759 863 adiunxerit,
785 799 856 845 cum
882 798 981 845 unum
1006 779 1199 862 exemplum,
1225 781 1310 860 quod
1326 781 1361 846 in

175 892 293 958 'Plsuti
309 890 430 957 fabulis
446 888 572 972 inveni,
587 888 705 954 Pseud.
722 893 788 953 410
799 888 888 968 sq.*)‚
907 906 971 952 non
988 888 1144 952 librorum
1162 888 1361 954 auctoritate

170 999 238 1065 sed
262 997 450 1064 coniectura
461 997 598 1062 nitetur.
622 995 751 1061 Deinde
768 996 867 1062 verbs
891 996 925 1058 ih
939 993 1106 1078 04000000
1128 994 1252 1078 hospiti,
1277 1014 1361 1076 quse

176 1113 253 1171 srte
288 1105 376 1169 inter
408 1122 443 1169 se
478 1103 663 1184 cohaerent,
700 1103 908 1169 substantivo
945 1100 1052 1185 hospes
1087 1103 1281 1183 interposito
1313 1103 1361 1167 in-

172 1212 352 1278 commode
376 1211 621 1293 disiunguntur.
655 1210 773 1290 ltaque
797 1228 868 1275 cunr
894 1208 1057 1290 scriptura
1082 1210 1205 1275 tradita
1228 1225 1363 1292 propter

183 1319 344 1402 duplicem
368 1319 491 1384 histum
516 1318 661 1400 genuina
684 1335 748 1383 non
774 1317 828 1399 sit,
853 1317 901 1381 its
926 1317 1083 1382 scribam:
1123 1314 1213 1380 Mitis
1241 1315 1363 1401 Lyconi

173 1428 276 1490 emico
299 1428 333 1489 ih
355 1423 523 1509 Epidauro
546 1424 670 1508 hospiti.

287 1539 315 1598 7.
338 1533 408 1598 Iam
435 1551 642 1613 quaeramus,
671 1532 787 1612 quibus
809 1531 994 1597 rationibus
1019 1532 1075 1597 uni
1098 1531 1172 1599 voci
1188 1532 1363 1612 primariae

179 1641 364 1723 complures
388 1639 610 1720 appositiones
634 1639 867 1720 adiungantur.
892 1637 985 1720 Quod
1009 1639 1079 1704 lieri
1103 1646 1212 1721 potest
1240 1640 1363 1721 triplici

180 1748 284 1814 modo.
330 1749 412 1814 Nem
454 1747 676 1828 appositiones
711 1756 770 1813 sut
809 1750 990 1828 complures
1039 1750 1140 1814 totius
1187 1749 1363 1830 primariae

181 1854 326 1922 notionis
360 1855 595 1937 explicationes
618 1856 785 1938 praebent,
811 1860 868 1920 sut
890 1862 1002 1937 partes
1024 1857 1167 1922 notionis
1190 1856 1365 1938 primariae

176 1962 380 2046 significent,
407 1968 465 2027 sut
498 1963 604 2027 alters
638 1963 776 2027 alteram
813 1963 1001 2029 excludunt.
1050 1964 1169 2044 Itaque
1204 1965 1362 2047 exemplo,

175 2089 266 2152 quse
277 2070 400 2152 inveni,
415 2069 558 2137 dividam
569 2070 602 2134 in
615 2070 680 2135 tris
693 2089 824 2152 genere3
834 2077 911 2136 sunt
924 2071 1008 2136 enim
1022 2077 1080 2136 aut
1092 2089 1201 2136 enum
1210 2073 1365 2139 erativs
1427 2155 1430 2159 ‚

174 2183 243 2243 ‘sut
266 2177 549 2242 distributiva
574 2181 630 2241 aut
656 2176 927 2243 disiunctivs.

289 2287 328 2350 A.
352 2284 663 2349 Enumerativi
688 2285 817 2365 generis
842 2284 992 2366 apposite
1015 2286 1114 2366 vulgo
1138 2285 1225 2350 inter
1248 2304 1283 2351 se
1299 2305 1365 2351 non

179 2391 377 2472 iunguntur.
411 2391 470 2457 Sin
510 2397 618 2455 autem
654 2390 846 2473 iunguntur,
883 2392 1033 2472 opposita
1069 2392 1162 2473 qussi
1197 2393 1365 2458 inunum

177 2497 351 2563 *notionem
398 2499 585 2563 coalescunt
631 2503 665 2562 et
717 2498 880 2563 sententia
933 2503 1088 2564 mutatur.
1146 2500 1233 2565 Illud
1279 2501 1366 2567 enim

185 2605 285 2670 hebet
301 2604 425 2686 aliquid
441 2604 634 2688 alacritatis,
648 2605 709 2669 hoc
726 2605 904 2686 gravitatis
911 2604 967 2687 **).
992 2606 1244 2690 Coniunguntur
1256 2613 1366 2674 autem

176 2712 337 2795 -spposits
359 2713 411 2779 his
436 2712 620 2794 particulis:

289 2839 317 2885 s.
342 2826 402 2885 et:
428 2820 506 2886 dist.
525 2826 598 2885 338.
623 2818 730 2905 [Cure.
762 2816 849 2905 620]
873 2821 990 2886 Pseud.
1016 2826 1088 2885 606.
1114 2820 1197 2887 Rud.
1224 2827 1365 2904 119700.

176 2927 299 3008 istich.
324 2922 412 3012 372]
439 2927 539 2992 Stich.
565 2933 638 2992 651.
677 2929 807 2992 Phorm.
834 2933 885 2991 35.
914 2932 1000 2992 1048
1011 2945 1058 3007 sq.

290 3035 321 3098 b.
346 3039 498 3113 atque:
524 3034 594 3099 Oss.
618 3038 682 3098 477
705 3053 752 3114 sq.
787 3034 877 3099 Pers.
904 3040 968 3099 506
989 3054 1036 3115 sq.
1072 3035 1181 3115 [Poen.
1208 3036 1365 3122 392sqq.]

176 3140 268 3206 ,nuo
296 3144 370 3204 310.
394 3141 484 3206 Trin.
510 3137 632 3227 [48sq.]
659 3146 732 3206 306.
780 3142 863 3207 Eun.
889 3148 961 3207 327.
1124 3140 1126 3144 ’

290 3266 315 3313 c.
342 3267 435 3328 que:
485 3249 578 3314 Asin.
603 3251 668 3314 664
681 3265 728 3330 sq.
754 3249 889 3330 (dubie).
913 3249 985 3315 Ces.
1010 3256 1083 3314 029,

291 3354 320 3421 d.
345 3392 388 3403 -—
405 3363 450 3422 00
466 3391 510 3402 -
526 3361 568 3423 00
583 3382 643 3422 -;
670 3356 768 3422 Mers.
792 3361 912 3438 474sq.
935 3359 1054 3423 Heeut.
1079 3362 1153 3422 875.

289 3481 316 3528 0.
340 3471 384 3529 00
401 3471 505 3530 -et
522 3489 581 3530 -:
605 3465 705 3532 Poen.
733 3470 829 3530 1032.

291 3567 656 3653 f.-qus-que:
703 3573 916 3653 Aultsmq.

293 3678 943 3760 g.neque-neque-:Epid.
969 3684 1041 3743 709.

180 3781 403 3795 ἠ-

254 3813 282 3880 *)
302 3815 399 3871 Pseud.
427 3816 482 3870 410
501 3833 540 3884 sq.
571 3821 654 3874 Erum
675 3836 764 3875 eccum
783 3820 862 3874 video
881 3820 934 3873 huc
952 3834 1041 3874 senem
1060 3819 1195 3876 Simonem
1214 3838 1269 3877 uns
1287 3824 1367 3877 simul

296 3904 362 3958 Cum
382 3921 430 3959 sno
450 3905 537 3960 vicino
557 3907 713 3976 Calliphone
731 3909 860 3964 incedere.

296 3995 349 4049 hue
367 4009 458 4049 senem
479 3994 611 4050 Simonem
629 4013 684 4050 uns
703 3997 852 4054 Muellerus
872 3999 949 4055 Pros.
964 4017 995 4069 p.
1017 4002 1077 4054 500
1096 4001 1148 4054 huc
1166 4001 1293 4056 simonem
1312 4018 1367 4057 nne

296 4085 362 4140 libri
394 4103 455 4140 cum
483 4085 518 4138 A.
548 4085 705 4141 Prseferum
737 4088 808 4155 quod
838 4090 1002 4144 Ritschelius
1032 4093 1173 4159 proposuit
1202 4090 1255 4145 hoe
1279 4109 1368 4148 mcum

298 4173 436 4230 Simoosm
454 4191 520 4229 ooo.
557 4176 598 4229 De
615 4177 779 4243 pronominis
798 4178 972 4234 colloestions
989 4181 1023 4234 cf.
1043 4180 1105 4236 Aul.
1125 4181 1187 4236 804.
1206 4182 1286 4236 Mers.
1305 4183 1367 4237 670.

228 4263 278 4332 ’**)
299 4265 339 4319 cf.
359 4264 419 4319 000.
439 4265 539 4332 73800.
559 4265 712 4334 ..Opsecro
730 4275 766 4336 te,

297 4354 448 4422 Olympiscs
467 4355 511 4423 mi,
531 4357 568 4409 mi
586 4360 673 4423 pater,
693 4356 728 4410 mi
746 4363 867 4425 petrone.

298 4444 396 4498 Pseud.
416 4444 477 4499 606.
500 4445 569 4499 Nom
588 4461 639 4514 ego
658 4453 781 4514 preestor
800 4454 828 4502 et
845 4454 975 4517 petronus
993 4448 1096 4505 foribus
1114 4451 1231 4518 processi
1249 4450 1331 4507 fores.
