3060 4876
696 355 918 416 ..34-

218 547 316 614 Mero.
356 547 496 629 *altlsu
537 546 578 613 cf:
621 546 800 615 Occucurri
843 555 944 628 atque
983 547 1177 630 interpello:
1227 545 1326 611 matri
1365 550 1408 610 te

1142 654 1293 720 ancillam
1319 660 1408 718 tuae

218 764 347 847 Emisse
370 763 469 828 illam.

218 871 315 936 Merc.
341 876 460 951 210sq.
486 875 559 934 261.

218 978 315 1044 Mero.
340 979 432 1043 *350.
457 976 504 1042 vi:
530 985 619 1042 ..ut
643 983 737 1059 putet
760 978 858 1042 matri
882 976 1035 1042 ancillam
1060 981 1200 1058 emptam
1212 994 1284 1041 esse
1298 975 1406 1040 illam.

218 1087 317 1151 Mero.
340 1088 480 1165 *llasn
505 1102 577 1167 app.
601 1085 653 1149 vi:
701 1135 731 1151 ..
756 1104 816 1166 ego
841 1103 948 1150 emero
974 1083 1072 1148 matri
1097 1089 1174 1148 tuae

219 1192 383 1258 Ancillam
407 1192 589 1275 viraginem
619 1192 760 1271 aliquam
784 1211 849 1256 non
873 1193 1000 1274 malam,
1026 1189 1131 1256 forma
1155 1191 1251 1274 mala,

219 1301 336 1366 Pseud.
361 1303 436 1365 907.
459 1300 543 1365 Rud.
581 1304 654 1364 770.
689 1299 777 1364 Τι’ῑη.
815 1305 934 1380 778sq.
962 1304 1055 1364 1025.
1079 1298 1175 1363 Troo.
1200 1297 1292 1362 *859.
1319 1301 1396 1364 893.

218 1409 313 1474 Truc.
331 1406 416 1471 *900
441 1408 584 1490 appui:
611 1407 811 1489 Supplicium
837 1407 877 1472 ad
903 1418 935 1471 te
959 1407 1042 1477 hanc
1064 1405 1186 1470 minam
1209 1405 1277 1470 fero
1309 1406 1400 1471 auri:

327 1513 360 1566 ad
380 1518 407 1567 te
426 1514 496 1566 hanc
516 1511 693 1566 Camerarius
713 1512 828 1565 archano
846 1511 874 1564 B
893 1513 998 1564 adhanc
1018 1510 1047 1565 0.

327 1622 350 1696 ζ.
376 1622 580 1705 appositione
603 1626 788 1688 eventus
812 1622 1021 1704 exprimitur:

220 1731 309 1796 Trio.
337 1736 398 1795 109
410 1749 456 1811 sq.
482 1735 555 1794 374.
580 1730 676 1795 Poen.
704 1731 798 1794 1059.
822 1729 904 1794 Rud.
931 1731 1036 1810 79l.*)

325 1878 354 1942 η.
379 1856 583 1938 appositione
606 1855 799 1920 iudicium
824 1854 1035 1936 exprimitur:

218 1965 311 2030 Asin.
337 1968 410 2028 934.
445 1964 562 2027 Bacch.
599 1967 694 2026 1095.
731 1963 801 2027 Cas,
841 1968 981 2042 l50sqq.
1020 1968 1093 2027 592.
1130 1959 1231 2048 [Pers
1262 1960 1397 2050 adlisa]

220 2073 316 2136 Most.
341 2069 430 2135 886¹).
453 2069 537 2134 Rud.
559 2075 631 2134 748.
656 2070 728 2135 Ter.
753 2069 881 2133 Phorm.
908 2075 981 2134 601.

327 2177 500 2242 Nonnullis
548 2177 627 2240 locis
673 2177 854 2258 legitimum
901 2178 1071 2241 verborum
1120 2178 1263 2242 ordinem
1319 2176 1394 2241 ideo

220 2290 382 2351 mutatum
419 2303 490 2350 esse
526 2290 674 2367 apparet,
699 2299 736 2348 ut
760 2285 944 2366 appositum
969 2303 1084 2349 nomen
1112 2285 1146 2349 in
1178 2286 1247 2350 loco
1274 2284 1394 2366 insigni

220 2393 274 2459 vel
296 2411 412 2459 versus
436 2394 488 2458 vel
514 2391 678 2457 enuntiati
700 2399 884 2474 poneretur.
908 2392 1026 2472 Itaque
1052 2393 1155 2474 legem
1179 2393 1268 2457 illam
1297 2409 1397 2474 supra

220 2501 375 2583 scriptam
399 2501 433 2565 in
459 2501 542 2565 hanc
565 2498 702 2564 formam
727 2501 918 2581 redigimus:

331 2625 448 2690 Iusta
471 2625 764 2707 appositionis
789 2625 1020 2689 collocatio
1045 2626 1216 2708 neglegi
1239 2631 1401 2708 potest.

221 2732 253 2798 si
278 2751 352 2798 vox
387 2731 590 2813 primaria
629 2731 693 2796 vel
734 2731 926 2812 apposita
961 2732 1000 2795 in
1034 2733 1195 2799 ordinis
1220 2733 1401 2799 metrici

220 2840 314 2906 fine
338 2839 406 2904 vel
429 2839 572 2920 initio,
598 2854 759 2918 quocum
786 2838 955 2919 saepius
980 2841 1222 2905 sententiae
1247 2840 1398 2905 incisio

221 2947 445 3027 convenit,
470 2946 648 3029 ponitur.

328 3053 422 3137 Quod
446 3053 557 3118 addidi
581 3053 625 3115 ool
647 3055 793 3136 opposita
816 3054 858 3118 ad
882 3072 936 3119 eos
961 3055 1100 3119 maxime
1122 3055 1209 3120 locos
1242 3054 1396 3137 pertinet,

220 3161 276 3226 ubi
301 3178 478 3244 pronomen
502 3167 553 3225 est
576 3180 641 3228 vox
664 3161 836 3243 primaria:
860 3162 917 3226 sed
942 3163 982 3228 de
1005 3163 1053 3228 eis
1070 3163 1175 3227 dicam
1192 3160 1280 3227 infra
1297 3180 1325 3244 p.
1341 3165 1395 3226 49.

328 3302 347 3389 ξ
370 3316 399 3370 4.
425 3305 594 3369 Interdum
618 3305 758 3370 Plautus
782 3310 957 3386 utramque
980 3305 1142 3371 notionem
1161 3313 1194 3371 et
1211 3305 1399 3389 primariam

221 3418 255 3479 et
279 3413 462 3495 appositam
487 3413 521 3477 in
537 3412 605 3477 illis
621 3411 807 3495 insignibus
823 3413 902 3478 locis
920 3431 1035 3478 versus
1053 3413 1106 3478 vel
1121 3414 1284 3479 enuntiati
1297 3411 1398 3495 ponit.

328 3558 357 3604 a.
381 3539 454 3604 Vox
485 3537 641 3621 primaria
669 3538 703 3603 in
731 3537 841 3620 initio,
871 3557 934 3603 vox
963 3538 1114 3621 apposita
1138 3539 1171 3603 in
1195 3538 1260 3604 fine
1283 3555 1399 3605 versus

221 3653 401 3730 ponuntur:
426 3648 517 3729 Capi.
543 3648 615 3712 644.
641 3646 718 3712 Cist.
746 3652 817 3711 172.
841 3645 936 3728 Epid.
961 3651 1035 3710 508.
1059 3645 1155 3712 Poen.
1183 3650 1275 3711 1110.
1303 3649 1399 3710 1133.

222 3754 338 3820 Pseud.
364 3760 437 3819 371.
461 3753 543 3819 Rud.
569 3759 645 3821 006.
669 3754 763 3819 Truc.
789 3756 862 3818 562.

328 3881 358 3944 b.
382 3880 461 3969 Von¹
477 3879 633 3962 primaria
656 3880 691 3945 in
715 3879 820 3963 initio,
845 3898 909 3944 vox
924 3879 1075 3963 apposita
1089 3880 1124 3945 in
1147 3881 1210 3945 fine
1235 3877 1400 3945 enuntiati

221 3994 400 4071 ponuntur:
434 3989 551 4070 Amph.
589 3990 709 4068 694sq.
744 3987 836 4071 Oapt.
873 3992 946 4054 644.
982 3988 1075 4054 Cure.
1110 3993 1184 4053 406.
1208 3987 1299 4052 Pers.
1324 3987 1407 4052 247..

286 4199 313 4265 *)
333 4199 373 4256 df.
393 4200 505 4254 Klihner
524 4199 586 4254 Lat.
606 4199 723 4256 Gramm.
742 4200 779 4255 H.
798 4216 825 4268 p.
845 4201 905 4256 185.
