3060 4876
687 333 885 389 ..6-

303 523 441 588 Veteres
458 521 672 604 grammatici,
690 522 723 585 id
737 522 821 602 quod
835 541 893 587 nos
909 522 1146 604 appositionem
1164 527 1377 608 appellamus,

196 631 393 713 epexegesin
418 650 552 698 vocasse
577 630 738 694 videntur.
786 629 919 696 Servius
943 631 1028 695 enim
1053 631 1094 695 ad

304 740 401 821 Verg.
425 743 505 804 Aen.
532 738 584 802 VI.
611 745 627 801 7
654 756 748 817 sq...
764 756 840 818 pars
865 738 964 802 derisa
988 738 1131 804 ferarum

304 848 406 912 Tecta
429 847 516 928 rapit
541 847 642 911 silvas
667 845 865 925 inventaque
888 845 1022 911 flumina
1046 853 1214 913 monstrat.

200 955 356 1020 adnotat:
414 954 572 1018 Ferarum
633 959 720 1017 tecta
770 954 974 1035 Epexegesis
1041 954 1189 1038 silvae*)‚
1270 959 1376 1037 Appo-

199 1063 330 1126 sitionis
355 1071 464 1126 autem
501 1079 615 1125 nomen
644 1060 782 1140 primum
817 1061 903 1141 apud
935 1061 1140 1126 Priscianum
1165 1065 1378 1144 grammatica

199 1169 440 1251 significatione
475 1168 655 1232 adhibetur.
707 1168 806 1232 Cuius
842 1169 881 1232 de
918 1168 1040 1247 duplici
1074 1170 1251 1249 usurpandi
1285 1171 1377 1234 modo

199 1278 380 1356 Thurot**)
405 1277 485 1341 haec
503 1275 601 1340 dicit:
627 1275 806 1357 „Priscian
820 1276 1019 1340 ‘traduisant
1035 1276 1066 1341 le
1082 1295 1158 1358 grec
1182 1273 1377 1359 παράθεσις,

200 1385 381 1466 employait
403 1384 435 1448 le
466 1391 533 1447 mot
566 1384 718 1466 oppositio
750 1402 832 1464 pour
860 1384 1012 1465 designer
1036 1384 1067 1448 la
1092 1385 1313 1448 construction
1339 1385 1378 1448 de

200 1492 233 1556 la
250 1492 450 1573 preposition
467 1509 546 1556 avec
563 1509 606 1554 un
624 1509 678 1554 cas
695 1510 755 1569 par
772 1490 953 1571 opposition
972 1493 991 1554 a
1007 1490 1184 1575 compositio
1202 1486 1377 1571 (σύνθεσις)

202 1599 306 1682 (XIV.
328 1605 342 1662 l
362 1605 395 1663 et
419 1598 564 1680 passim),
590 1604 623 1662 et
638 1597 798 1680 l'adjectif
818 1598 1031 1680 oppositionis,
1056 1616 1139 1678 pour
1162 1597 1312 1677 qualifier
1336 1616 1378 1661 un

202 1726 339 1788 pronum
357 1706 397 1770 de
408 1707 441 1770 la
454 1706 617 1770 troisidme
632 1724 799 1786 personne,
818 1706 1118 1786 particulidrement
1130 1705 1203 1787 ipse,
1219 1705 1380 1769 construit

202 1833 281 1881 aveo
298 1833 340 1879 un
354 1833 488 1895 pronum
503 1814 541 1878 de
553 1814 586 1877 la
598 1814 757 1893 premiere
771 1832 811 1877 ou
825 1814 864 1877 de
875 1813 907 1877 la
921 1813 1058 1877 seconde
1071 1831 1240 1894 personne,
1257 1830 1379 1877 comme

200 1940 254 2005 epo
279 1923 352 2004 ipsc,
375 1927 409 1982 tu
432 1924 507 2003 ipse,
530 1923 581 1984 illc
603 1940 666 2002 epo,
690 1926 760 1981 tune
789 1920 841 1982 illc
873 1921 994 1983 Aeneas
1018 1920 1140 2004 (XVII.
1171 1926 1242 1984 144.
1270 1919 1377 2000 145).“

308 2029 417 2094 Verba
440 2028 601 2093 Prisciani
626 2035 703 2092 sunt
727 2025 901 2110 haec***):

307 2174 401 2238 „cum
438 2155 477 2218 de
513 2153 653 2234 propriis
686 2153 789 2233 igitur
814 2153 951 2218 maxime
975 2153 1177 2233 singulorum
1203 2152 1284 2233 (scil,
1308 2170 1379 2231 pro·

202 2262 385 2340 nominum)
410 2260 561 2342 superins
586 2260 706 2325 dictum
732 2267 793 2342 est,
819 2279 905 2325 nunc
929 2259 968 2326 de
984 2260 1209 2325 communibus
1226 2259 1380 2323 dicamus.

204 2373 267 2454 ipse
307 2369 490 2435 additivum
530 2369 581 2433 vel
622 2368 843 2449 appositivum
880 2368 1017 2449 dicitur,
1063 2369 1147 2448 quod
1187 2366 1380 2447 Apollonius

202 2471 468 2556 ἕπιταγμαιικόν
501 2477 661 2557 nominat,
699 2495 762 2541 non
787 2474 872 2555 quod
896 2476 999 2540 solum
1025 2477 1083 2540 hoc
1107 2494 1282 2556 pronomen
1307 2475 1381 2539 aliis

204 2585 448 2665 pronominibus
480 2583 532 2648 vel
565 2583 662 2646 etiam
692 2583 876 2646 nominibus
910 2583 1095 2663 apponitur,
1129 2582 1186 2646 sed
1211 2581 1295 2662 quod
1320 2581 1381 2644 fre·

204 2691 357 2772 quentius
382 2708 477 2770 quarn
503 2689 582 2771 alia,
608 2696 645 2753 ut
669 2690 823 2771 cpoipso,
848 2689 984 2770 tuipse,
1016 2688 1069 2751 illc
1103 2689 1181 2771 ipse,
1226 2686 1382 2773 Vespilius

203 2800 276 2882 ipse,
296 2796 401 2860 Cicero
416 2798 489 2880 ipsc.
525 2795 739 2862 inveniuntur
754 2797 840 2861 enim
857 2803 890 2861 et
907 2797 972 2861 alia
988 2797 1180 2877 pronomina
1198 2798 1382 2878 appositiva

202 2904 252 2992 [id
276 2913 327 2972 est
342 2900 618 2989 intromittendi
643 2904 816 2985 Virgilius:

311 3015 373 3079 Ille
390 3033 460 3095 ego,
486 3008 538 3094 qui
560 3014 721 3094 quondam
738 3013 854 3093 gracili
876 3012 1062 3079 modulatus
1086 3033 1199 3081 avena.

200 3122 291 3187 ‚idem
314 3122 348 3185 in
373 3121 536 3186 bucolico:

313 3230 381 3294 Nec
403 3235 480 3293 tuus
505 3228 556 3292 hic
579 3229 709 3310 MoerIs,
735 3247 794 3292 nec
818 3230 943 3294 viveret
967 3231 1037 3310 ipse
1061 3231 1227 3295 Menalcas

205 3333 436 3423 idem[in1]:

312 3445 405 3509 Tune
440 3443 498 3508 ille
540 3444 679 3524 Aeneas,
727 3460 823 3523 quem
862 3441 1029 3506 Dardanio
1066 3443 1231 3508 Anchisae

312 3551 409 3616 Alma
434 3551 545 3616 Venus
569 3550 705 3632 Phrygii
729 3551 844 3631 genuit
868 3549 1043 3614 Simoentis
1066 3550 1108 3613 ad
1134 3549 1275 3616 undam?

204 3677 265 3739 per
289 3658 515 3723 excellentiam
556 3658 658 3739 igitur
697 3658 757 3721 hoc
793 3675 981 3739 pronomen,
1021 3657 1055 3720 id
1095 3664 1147 3722 est
1184 3659 1256 3740 ipsc,
1292 3659 1385 3738 quasi

205 3766 385 3848 proprium,
422 3766 507 3845 quod
543 3783 710 3829 commune
735 3770 786 3829 est
817 3765 1003 3846 multorum,
1029 3750 1245 3846 appositionis
1270 3785 1385 3831 nomon

272 3942 298 4012 *)
318 3942 359 3995 of.
379 3942 459 3995 stiam
480 3940 551 3994 Serv.
572 3939 608 3992 ad
626 3939 708 4007 Verg.
729 3942 796 3994 Aen.
816 3940 853 3994 ΙΙ,
874 3941 933 3994 147.

254 4031 298 4101 **)
317 4032 442 4086 Extraits
468 4031 501 4084 de
530 4031 618 4084 divers
646 4031 808 4085 manuscrits
836 4031 920 4085 latins
947 4048 1015 4099 pour
1043 4032 1128 4086 servir
1156 4029 1321 4083 dl’histoire
1339 4029 1386 4081 des

318 4121 453 4175 doctrines
471 4120 689 4190 grammaticales
708 4137 743 4174 au
762 4137 857 4189 moyen
877 4123 928 4190 ago
946 4138 997 4189 par
1016 4122 1062 4175 Ch.
1082 4121 1195 4173 Thurot.
1215 4118 1293 4171 Paris
1308 4117 1386 4173 1869.

318 4229 343 4279 p.
363 4213 416 4266 254
425 4228 464 4278 sq.

239 4301 297 4365 ***)
318 4302 407 4355 Gram.
427 4302 475 4355 lat.
496 4302 548 4356 vol.
567 4303 618 4357 ΠΙ.
637 4319 663 4370 p.
686 4303 744 4357 179.
