3060 4876
704 350 926 410 ..50-

203 541 326 626 ι(1151).
349 541 443 623 Epid.
469 546 532 606 635
569 541 610 626 (te
632 541 721 606 inter
749 540 831 606 duas
858 540 1105 623 appositiones).
1135 542 1235 607 Mero.
1259 547 1311 606 59·
1326 541 1410 627 (me)

227 657 300 730 app.
312 648 355 716 vi.
374 649 415 715 ei.
439 655 501 714 737
522 648 629 733 (mihi)
651 668 724 730 app.
748 647 1063 732 aebdomada)
1084 648 1213 730 appui.
1232 649 1300 716 Mil.
1317 654 1406 717 1210

227 756 296 841 (te).
320 758 410 823 Pers.
424 763 488 822 aba
512 755 574 841 (te)
599 775 671 838 app.
695 757 740 823 vi.
759 762 824 822 278
842 755 915 841 (tu).
927 756 1046 822 Pseud.
1060 755 1122 821 501
1138 755 1248 841 (baec)
1265 775 1339 839 app.
1363 757 1409 825 el.

225 865 307 931 Rud.
334 870 397 931 501
423 863 486 949 (te)
510 884 583 949 app.
606 865 649 932 vi.
667 862 713 930 ei.
738 869 801 929 506
826 864 888 948 (te)
912 882 984 946 app.
1015 863 1057 931 vi.
1082 867 1147 928 508
1180 865 1296 945 (tuam)
1330 883 1405 949 app.

226 973 268 1037 vi.
292 973 331 1039 ei.
355 973 556 1039 urinrrore
592 970 661 1058 (te).
696 973 791 1037 urae.
827 976 891 1037 545
927 969 990 1055 (te)
1015 990 1088 1052 app.
1120 971 1162 1037 vi.
1187 970 1228 1036 ei.
1252 971 1313 1037 Ad.
1340 955 1409 1037 raa

225 1072 332 1165 (nint)
357 1099 434 1162 app
453 1074 495 1145 vi.
520 1079 558 1145 ei.
582 1079 712 1145 Phorm.
739 1084 854 1159 792sq.
879 1080 954 1158 (me)
979 1096 1050 1160 epp.
1075 1068 1113 1143 ei.
1139 1084 1200 1143 961
1228 1077 1305 1162 (me)
1329 1097 1407 1160 app.

225 1188 268 1253 vi.
293 1186 420 1269 Quibus
443 1182 484 1251 ex
499 1178 587 1252 'locis
622 1188 730 1252 elucet
763 1187 954 1269 plerumque
991 1204 1100 1252 vocem
1124 1178 1317 1267 appositam
1330 1205 1409 1267 pro·

226 1295 355 1361 nomine
378 1295 559 1377 postposito
593 1293 629 1358 in
649 1312 780 1359 ¹versus
814 1294 868 1360 vel
891 1293 1053 1359 enuntiati
1077 1293 1147 1358 loco
1171 1292 1293 1375 insigni
1316 1293 1407 1374 poni.

328 1402 622 1493 ‚Metathesis
663 1420 746 1482 quae
786 1406 933 1482 vocatur,
980 1419 1045 1481 qua
1084 1400 1233 1483 apposita
1268 1418 1332 1466 vox
1366 1401 1407 1466 in

69 1538 72 1542 ·
225 1508 431 1574 enuntiatum
454 1508 629 1575 relativum
662 1509 899 1592 transponitur,
934 1527 1000 1573 non
1022 1507 1198 1573 adhibetur
1222 1506 1300 1574 Oist.
1328 1511 1404 1575 151.

103 1670 105 1674 Α
222 1617 318 1698 capt.
345 1620 418 1682 147.
441 1617 537 1700 lipid.
562 1622 682 1697 358sq.
705 1617 790 1682 Men.
813 1620 876 1681 900
886 1634 932 1696 sq.
957 1615 1024 1680 Mil.
1053 1621 1147 1681 1191.
1169 1614 1255 1681 Rud.
1273 1620 1409 1698 eoem,

225 1730 339 1790 contra
363 1724 537 1790 adhibetur
559 1725 618 1789 illa
640 1723 871 1807 transpositio:

224 1833 299 1898 Aul.
324 1839 436 1913 95sqq.
461 1833 619 1914 Oultrum,
644 1832 795 1915 securim,
820 1830 989 1914 pistillum,
1015 1831 1214 1912 mortarium,

453 1937 545 2021 Quae
568 1942 691 2004 utenda
714 1957 794 2005 vasa
818 1935 944 2020 semper
968 1937 1068 2002 vicini
1090 1942 1219 2020 rogant,

453 2045 558 2111 Fures
581 2046 711 2112 venisse
734 2051 833 2126 atque
856 2044 1033 2110 abstulisse
1057 2043 1166 2110 dicito.

224 2154 317 2219 Asin.
356 2158 475 2233 420sq.
515 2158 632 2233 deasq.
672 2153 765 2218 Cure.
804 2157 878 2218 433.
919 2152 989 2218 Cae.
1030 2158 1103 2217 258.
1143 2152 1241 2217 Mero.
1281 2156 1406 2232 lddsq.

224 2262 341 2328 Pseud.
368 2261 581 2326 uetitum.
607 2266 680 2325 275.
1357 2286 1359 2291 v

333 2350 425 2434 Haec
448 2368 549 2433 habui
576 2385 660 2449 quae
678 2368 816 2433 dicerem
842 2367 882 2433 de
905 2365 1120 2449 appositionis
1144 2365 1230 2448 apud
1247 2366 1403 2431 Plautum

224 2484 257 2541 et
281 2476 470 2542 Terentium
495 2475 716 2541 collocatione.
763 2475 826 2542 Sed
849 2481 887 2539 ut
910 2473 1022 2557 paucis
1045 2473 1158 2538 verbis
1182 2473 1335 2539 Plautum
1367 2477 1409 2539 et

224 2583 413 2649 Terentium
448 2584 535 2648 inter
581 2601 616 2648 se
663 2600 895 2665 comparemus,
934 2581 1074 2664 primum
1108 2581 1263 2646 Plautum
1298 2580 1408 2645 multo

223 2691 354 2773 saepius
378 2690 582 2772 appositione
607 2707 699 2754 usum
726 2707 797 2754 esse
821 2707 917 2770 quaem
934 2689 1125 2754 Terentium
1139 2693 1285 2770 apparet.
1307 2685 1406 2769 Quod

223 2799 306 2863 bene
329 2816 370 2863 ex
405 2815 442 2862 eo
477 2795 685 2877 intelligitur,
722 2794 806 2877 quod
841 2796 982 2861 Plautus
1015 2814 1193 2862 sermonem
1231 2796 1422 2876 vulgarem.

222 2904 373 2971 imitatus
397 2903 559 2986 copiosius
584 2902 673 2986 dicit,
696 2903 870 2968 Terentius
895 2903 1040 2985 eleganti
1075 2901 1247 2983 eloquendi
1280 2919 1409 2985 genere

224 3018 258 3078 et
293 3019 473 3094 temperato
506 3011 707 3076 eruditorum
741 3029 819 3076 usus
847 3012 929 3076 nihil
963 3010 1120 3094 superflui
1152 3011 1261 3076 habet.
1308 3006 1408 3090 Quod

222 3119 265 3183 ad
289 3119 532 3183 collocationem
558 3118 687 3201 attinet,
701 3119 840 3184 Plautus
851 3124 884 3184 et
896 3118 1073 3184 Terentius
1089 3116 1159 3182 lere
1179 3116 1290 3182 eodem
1306 3115 1408 3181 modo·

223 3230 327 3291 metro
352 3226 406 3290 vel
429 3225 594 3290 sententia
619 3226 767 3291 commoti
785 3227 952 3308 vulgarem
971 3227 1144 3291 verborum
1161 3217 1307 3289 ordinem
1323 3240 1409 3306 neg--

221 3334 381 3399 lexerunt
