3060 4876
602 377 825 439 ,43-

233 572 329 638 Unde
357 571 463 636 elucet
487 589 559 636 eum
593 570 750 652 ordinem,
781 568 837 649 qui
865 569 913 635 rei
944 574 1084 636 naturae
1111 569 1303 650 aptissimus

122 689 187 763 cst,
226 688 262 744 ut
297 676 407 745 vocem
443 677 633 758 primariam
674 676 898 758 appositiones
942 682 1132 759 sequantur,
1171 680 1305 757 praeter

122 786 359 867 adlocutiones,
399 803 474 850 raro
510 802 583 850 esse
617 790 822 864 usurpatum.
875 783 1014 850 Causam
1048 788 1157 849 autem
1193 783 1303 850 neseio

120 912 167 959 an
192 894 268 960 inde
296 898 410 974 petere
446 891 631 972 debeamus
664 891 749 971 quod
784 910 823 957 ea
857 891 1097 972 oppositionum
1134 891 1303 957 collocatio

123 1003 229 1068 ieiuni
264 1007 316 1065 est
350 999 521 1080 sermonis;
557 1017 641 1079 quae
675 997 831 1063 ieiunitas
865 997 899 1063 in
935 998 1198 1064 adlocutionibus
1230 1016 1304 1078 pro·

125 1107 345 1174 nuntiationis
383 1106 557 1172 alacritate
596 1105 731 1171 tollitur.
779 1105 869 1188 Quae
908 1124 980 1170 cum
1024 1107 1073 1170 ita
1112 1106 1195 1188 sint,
1232 1104 1304 1170 iure

122 1215 278 1280 dubitare
301 1232 482 1297 possumne,
507 1232 584 1279 num
607 1214 641 1279 in
666 1213 714 1278 eis
736 1212 826 1295 locis,
851 1212 885 1277 in
909 1213 1104 1293 quibusnon
1121 1219 1172 1278 est
1187 1230 1304 1277 nomen

127 1322 305 1404 proprium,
330 1321 420 1386 notio
444 1320 582 1402 primum
617 1321 734 1386 locum.
758 1320 909 1385 obtinens
943 1321 988 1384 sit
1022 1337 1100 1386 vere
1134 1319 1303 1401 primaria

125 1431 200 1494 Duo
223 1429 308 1494 enim
331 1428 394 1494 loci
418 1429 518 1494 etiam
543 1428 618 1493 aliis
641 1428 680 1492 de
704 1428 812 1493 causis
836 1426 1071 1492 dubitationem
1095 1436 1236 1493 movent.

123 1538 198 1611 Cas.
224 1543 341 1617 536sq.
378 1536 442 1602 Sed
477 1554 588 1602 eccum
612 1537 681 1615 ⁴huc
704 1534 874 1618 egreditur
897 1534 1004 1600 senati
1028 1535 1184 1618 columen,
1209 1552 1305 1616 prae·

1059 1642 1179 1708 sidium
1202 1643 1303 1726 popli,

124 1753 221 1816 Meus
244 1750 373 1816 vicinus
397 1767 467 1814 meo
490 1749 562 1815 viro
586 1749 641 1830 qui
666 1749 804 1813 liberum
829 1749 1002 1830 praehibet
1024 1749 1142 1814 locum.

234 1856 287 1908 huc
306 1853 416 1909 addidit
436 1852 593 1908 Seboellc'as.

123 1947 200 2012 Cas.
226 1950 289 2011 796
303 1965 349 2026 sq.
374 1946 436 2012 Sed
461 1965 570 2012 eccum
594 1945 804 2028 progreditur
828 1964 899 2010 cum
934 1964 1052 2010 corona
1087 1952 1120 2011 et
1152 1945 1304 2026 lampade

127 2056 221 2120 Meus
244 2054 352 2119 socius
376 2072 517 2136 compar,
543 2052 752 2135 conmaritus,
777 2053 905 2119 vilicus.

231 2164 381 2244 Apparet
404 2162 545 2245 nomina,
571 2180 655 2242 quae
679 2161 804 2227 ultimis
828 2161 908 2227 locis
929 2162 1038 2242 posita
1067 2169 1154 2245 sunt,
1188 2164 1305 2226 acinus

122 2279 161 2336 -et
183 2270 292 2332 vilicus
328 2268 460 2334 diversa
494 2286 565 2334 esse
601 2267 725 2348 abeis,
759 2286 843 2348 quae
870 2268 1079 2349 praecedunt.
1124 2270 1207 2334 Nam
1232 2270 1304 2336 Cas.

126 2382 248 2454 536sq.
283 2376 384 2440 verba
417 2375 514 2436 senati
550 2375 685 2437 columen
720 2380 754 2439 et
770 2373 967 2456 praesidium
990 2376 1077 2458 pepli
1101 2394 1173 2440 cum
1198 2377 1305 2443 ironia

122 2482 267 2563 quadam
302 2481 518 2563 pronunciata
554 2480 595 2545 ad
630 2481 720 2545 illam
756 2481 982 2547 diversitatem
1018 2489 1182 2567 spectent,
1220 2503 1305 2565 quae

127 2591 266 2655 interest
293 2588 381 2654 inter
415 2602 529 2669 turpes
552 2607 615 2670 res,
641 2606 722 2668 quas
744 2588 875 2653 vicinus
887 2595 994 2670 parat,
1017 2595 1052 2654 et
1074 2590 1243 2657 honestam
1269 2593 1304 2657 in

121 2697 263 2764 civitate
297 2695 530 2777 condicionem,
556 2714 652 2776 quam
676 2695 732 2762 ille
755 2695 819 2762 sibi
842 2696 998 2762 vindicat.
1043 2694 1170 2769 Vicinus
1193 2704 1302 2764 autem

120 2804 322 2884 :simpliciter
345 2823 418 2868 eum
443 2803 619 2885 significat,
644 2802 700 2884 qui
724 2803 943 2884 progreditur.

235 2911 341 2977 Simili
364 2912 491 2975 ratione
515 2911 617 2976 verba
639 2929 723 2972 meus
745 2911 853 2992 socius
871 2925 1005 2992 compar,
1027 2912 1217 2979 commaritus
1232 2931 1303 2978 eam

121 3017 359 3097 «condicionem,
385 3034 449 3096 qua
473 3017 591 3081 vilicus
613 3015 670 3081 ille
694 3024 764 3081 tum
788 3018 952 3097 utebatur,
977 3017 1178 3100 significant;
1194 3020 1303 3084 cilicas

121 3131 178 3188 est
202 3123 366 3189 enuntiati
391 3123 584 3188 subiectum.

147 3214 149 3224 ¹
234 3231 350 3312 Itaque
373 3231 474 3296 verba
497 3231 616 3293 uicinas
639 3237 674 3295 et
697 3229 807 3294 uilicus
830 3250 888 3312 pro
913 3232 1099 3300 notionibus
1128 3236 1303 3318 primariis,

121 3359 167 3407 ca
191 3359 272 3422 quae
296 3338 496 3405 antecedunt
510 3357 569 3419 pro
586 3336 791 3420 appositione
806 3339 1040 3422 praedicativa,
1066 3358 1130 3421 qua
1147 3341 1302 3406 iudicium
1407 3352 1409 3354 ’

120 3448 332 3529 exprimitur,
368 3447 482 3511 babeo.
528 3446 603 3510 Huc
626 3445 767 3510 accedit
802 3447 886 3525 quod
925 3448 1075 3511 notiones
1114 3447 1303 3529 primariae,

122 3571 200 3615 cum
236 3554 340 3618 altera
375 3554 409 3617 in
445 3552 550 3635 initio,
588 3552 693 3616 altera
732 3552 768 3616 in
802 3551 867 3618 fine
902 3569 1018 3618 versus
1053 3553 1179 3633 positae
1224 3555 1301 3637 sint,

125 3662 262 3737 propter
286 3658 530 3725 collocationem
555 3658 678 3725 nullam
702 3659 863 3740 praebent
885 3657 1137 3739 offensionem.*)

234 3764 274 3828 In
298 3764 416 3828 ceteris
439 3765 529 3847 locis,
553 3768 588 3831 in
613 3766 730 3846 quibus
755 3784 818 3831 vox
840 3764 997 3845 primaria
1029 3766 1069 3831 de
1098 3766 1202 3848 primo
1232 3769 1303 3834 loco

119 3871 262 3955 recedit,
275 3869 422 3953 regulam
448 3870 488 3936 de
512 3890 627 3939 versus
651 3880 686 3939 et
710 3871 874 3939 enuntiati
898 3872 979 3938 locis
1002 3873 1187 3956 insignibus
1202 3894 1302 3958 supra

192 4050 219 4116 *)
239 4049 279 4105 cf.
299 4049 389 4104 etiam.
411 4038 506 4102 Pseud.
526 4048 625 4116 196sq.
644 4049 732 4103 Aliter
751 4055 841 4104 autem
861 4061 903 4102 res
923 4048 1053 4103 sehabet

235 4142 315 4195 Mera.
334 4141 387 4195 612
437 4181 464 4196 ..
481 4139 554 4209 Quia
582 4139 721 4207 aequalem
749 4143 774 4194 et
800 4138 920 4194 sodalem
948 4139 1064 4194 liberam
1094 4140 1177 4195 civem
1205 4140 1302 4196 enicas

128 4263 131 4267 -
233 4231 280 4285 ubi
314 4229 389 4285 notio
418 4230 547 4298 primaria
573 4245 615 4282 mc
643 4228 747 4282 duobus
774 4228 955 4283 substantivis
983 4244 1108 4297 expressa
1135 4230 1303 4298 appositione

235 4319 350 4374 liberam
368 4320 452 4373 ccccm
472 4317 606 4374 definitur.
644 4317 785 4385 Appositio
811 4322 902 4372 autem
931 4333 1039 4372 causam
1063 4317 1151 4385 affert,
1171 4336 1218 4374 cnr
1236 4321 1303 4376 illud

235 4408 341 4463 facinus
361 4409 464 4477 capital
483 4409 623 4463 dicendum
643 4407 687 4464 sit.
