3060 4876
743 353 965 411 .-13-

266 543 363 608 Poen.
389 549 453 608 674
478 563 524 623 sq.
549 545 661 624 Neque
685 561 744 608 nes
768 543 889 608 hortari
914 562 1019 623 neque
1043 544 1210 609 dehortari
1234 544 1325 610 decet

266 648 428 713 Hominem
460 652 672 734 perecrinum:

265 753 356 821 Poen.
381 757 470 822 1031.
495 759 570 822 vide
595 759 655 822 sub
680 776 708 821 a.

750 920 962 931 -——

265 1027 357 1092 Asin.
375 1032 449 1092 470.
470 1027 577 1091 Nimis
601 1026 769 1091 iracunde:
795 1046 858 1091 non
883 1026 975 1092 decet
1001 1027 1174 1106 superbum
1199 1043 1270 1090 esse
1293 1024 1446 1089 bornincra

945 1151 948 1156 -
1319 1134 1443 1179 servom.

263 1223 357 1303 Epid.
384 1229 424 1287 59
450 1242 540 1303 sq...
564 1224 638 1304 plus
664 1223 747 1287 scire
771 1223 893 1287 satiust
910 1240 1006 1302 quam
1028 1222 1116 1302 loqui

264 1329 390 1393 Servom
405 1329 568 1394 beluinam:
594 1349 632 1395 66
657 1330 861 1410 sapientiast.

263 1437 359 1517 Epid.
386 1443 447 1502 327
474 1456 519 1518 sq.
544 1437 727 1518 Nuquamm
753 1437 896 1501 inridere
920 1455 979 1501 nos

263 1544 360 1608 Illum
384 1544 524 1608 inultum
549 1544 652 1608 sinam
678 1561 792 1605 servom
817 1544 976 1608 6661666.

265 1652 332 1716 Mil.
358 1657 421 1715 563
436 1670 522 1731 sq...
546 1651 648 1715 Imma
675 1651 823 1733 indigne:
848 1670 923 1715 nam
947 1649 1093 1714 1661666
1116 1669 1228 1714 servom
1258 1668 1333 1714 suos

263 1759 412 1824 Domitcs
436 1760 556 1824 habere
580 1766 709 1838 eportet
733 1760 841 1823 666166
867 1765 900 1824 et
926 1777 1040 1823 manus

370 1863 517 1922 Lorenzius
546 1863 580 1916 ad
608 1862 1227 1929 hunclocumpraeteraliaexemplaetiam
1248 1861 1446 1930 (16666665

264 1957 386 2020 annotat,
406 1968 567 2019 quamquam
586 1954 614 2004 in
633 1968 663 2005 66
683 1953 750 2004 haec
770 1951 922 2003 coniunctio
960 1965 1013 2002 non
1051 1949 1180 2002 librorum
1209 1951 1375 2017 auctoritati,
1396 1950 1443 2003 sed

263 2043 433 2095 coniecturae
451 2040 617 2094 Fleckeiseni
635 2041 756 2094 debetur.

264 2134 364 2200 such.
390 2140 440 2198 58.
466 2132 528 2215 Qui
554 2139 663 2197 manet
689 2138 723 2196 ut
741 2139 911 2195 moneatur
928 2149 1055 2211 semper
1075 2149 1174 2192 servos
1194 2130 1282 2193 1666
1295 2129 1436 2195 clficium

459 2307 461 2311 ,
1337 2256 1444 2320 suum.

264 2348 363 2413 Stich.
390 2354 462 2412 692.
487 2347 614 2413 Satiust
639 2365 723 2409 servo
739 2345 857 2409 bomini
872 2344 1017 2411 modeste
1041 2345 1151 2410 facere
1167 2350 1331 2425 sumptum
1345 2363 1440 2425 quarn

1278 2452 1442 2532 ampliter.

264 2559 363 2626 Stich.
388 2565 463 2624 446.
510 2561 620 2648 Atque
643 2560 676 2625 id
702 2579 743 2625 ne
768 2579 824 2624 vos
849 2561 1019 2642 miremini,
1044 2558 1180 2624 homines
1203 2559 1334 2622 servolos

262 2668 393 2750 Potare,
419 2685 528 2731 amare
552 2672 651 2746 atque
674 2668 715 2730 ad
740 2685 851 2731 cenam
876 2666 1063 2731 condicere:

369 2773 531 2840 Appendicis
550 2773 608 2826 loco
628 2774 710 2826 etiam
730 2773 895 2826 adscribam:

371 2863 468 2916 Pseud.
490 2864 567 2917 1103.
588 2863 675 2916 Malus
695 2870 723 2916 et
741 2867 882 2929 nequamst
903 2862 980 2915 homo
1000 2862 1046 2930 qui
1064 2860 1142 2917 nihili
1161 2860 1228 2914 facit
1241 2861 1380 2928 imperium
1400 2864 1445 2917 sui

1275 2968 1368 3006 servus
1387 2954 1441 3008 eri:

369 3041 486 3095 facit-eri
507 3040 673 3112 Speayelr'na,
693 3044 730 3096 eri
751 3043 890 3110 imperium
910 3043 950 3096 sui
970 3058 1061 3096 servos
1080 3041 1146 3098 facit
1164 3041 1200 3096 B.

261 3134 389 3198 Phcrm.
425 3139 498 3198 292.
522 3132 648 3198 Sarrum
671 3133 817 3198 bominem
841 3153 972 3200 causam
1001 3153 1095 3200 orare
1118 3133 1208 3216 leges
1234 3152 1299 3198 non
1315 3135 1440 3216 sinunt,

370 3238 412 3292 Ad
421 3239 494 3291 hunc
506 3238 593 3292 locum
607 3238 722 3292 adnotat
736 3241 877 3294 Dziatulroz
900 3241 967 3308 „mit
979 3239 1169 3294 absichtlicher
1179 3239 1445 3306 Geringschiitzung,¹

262 3328 383 3384 insolern
402 3328 638 3397 gewissermassen
666 3329 855 3384 verschiedene
881 3331 966 3384 Arten
994 3345 1047 3382 von
1073 3330 1217 3383 Menschen
1236 3326 1445 3381 untcrschieden.

262 3419 394 3473 werden.“

367 3529 437 3593 Hoc
470 3527 597 3594 dicendi
626 3545 730 3608 genus
759 3526 894 3592 adhibet
924 3529 961 3609 is,
994 3529 1050 3609 qui
1081 3528 1109 3594 si
1134 3529 1173 3593 de
1196 3529 1260 3594 alie
1284 3527 1445 3610 loquitur.

261 3635 421 3700 rationem
447 3635 516 3699 eius
541 3635 637 3700 alteri
663 3654 734 3699 cum
748 3641 935 3715 contemptu
952 3635 1089 3714 quodam
1107 3642 1204 3715 atque
1217 3635 1448 3716 indignatione-

263 3760 433 3824 0ppcnere‚
470 3741 521 3805 sin
557 3741 597 3806 de
632 3760 667 3807 se
702 3743 772 3821 ipso
810 3741 899 3823 dicit,
937 3759 1007 3805 eam
1042 3746 1133 3808 recte
1164 3743 1216 3809 vel
1245 3743 1447 3807 necessitate-

263 3849 381 3931 opponi
406 3867 477 3912 cum
502 3849 665 3929 patientia
692 3849 830 3928 quedam
857 3846 1004 3913 confiteri
1028 3849 1108 3916 vult.
1155 3851 1205 3914 De
1228 3846 1446 3912 collocatione·

262 3959 435 4024 verborum
460 3955 542 4019 nihil
566 3956 648 4020 certi
672 3956 737 4020 dici
761 3961 878 4035 potest.

286 4087 288 4092 “
369 4078 422 4132 Pro
442 4077 621 4131 substantivis
646 4083 736 4132 autem
761 4078 809 4131 illa
833 4079 941 4132 nomina
966 4095 1035 4146 quae
1057 4077 1135 4131 modo
1154 4073 1331 4128 tractavimus
1349 4074 1378 4127 in
1397 4074 1439 4127 his

261 4169 327 4223 locis
346 4169 487 4223 dicuntur:
507 4168 664 4222 adulescens
692 4167 769 4236 Capt.
790 4170 842 4223 140
861 4184 883 4222 6.
904 4185 928 4222 a.
948 4169 1049 4221 amicus
1068 4166 1151 4220 Stich.
1165 4167 1217 4218 679
1231 4178 1253 4218 e.
1267 4179 1291 4217 a.
1319 4164 1440 4231 captivos

263 4258 340 4327 Gapt.
362 4260 411 4313 126
431 4274 452 4313 e.
473 4274 497 4312 6.
516 4257 654 4311 mendicus
688 4257 771 4313 Stich.
797 4260 849 4313 133
878 4273 900 4312 e.
927 4273 951 4310 a.
968 4255 1126 4325 peregrinus
1153 4254 1239 4309 Andr.
1261 4255 1320 4308 146.
1349 4268 1447 4308 666666

262 4362 425 4414 saeprssrme.
