3060 4876
619 379 840 438 ,27-

129 571 178 638 <ie
202 571 250 637 eis
273 570 429 650 exemplis
454 569 674 650 quaerendum
699 577 758 652 est,
784 587 868 650 quae
884 589 919 635 re
936 588 1016 635 vera
1039 571 1080 634 ab
1107 587 1167 634 usu
1184 569 1315 649 vulgari

129 680 321 744 abhorrent.
367 678 417 742 De
441 677 561 758 quibus
585 677 669 757 qued
693 677 857 758 Reisigins
891 677 1056 758 praecepit
1087 676 1193 757 legem
1223 677 1314 742 illam

135 786 280 868 neglegi,
308 786 357 877 si
391 785 542 865 apposita
582 802 646 848 vox
688 802 751 848 nno
787 784 840 849 vel
878 785 1026 863 pluribus
1071 783 1182 849 verbis
1215 784 1315 850 inter·

136 893 252 974 positis
276 912 296 957 a
320 910 399 957 voce
423 891 579 971 primaria
603 891 765 956 disiuncta
789 891 842 972 sit,
867 893 919 963 vei
944 911 1007 956 non
1033 909 1096 955 uno
1121 893 1220 980 uerbo
1243 910 1315 956 con·

130 1000 291 1081 timeatur,
327 998 385 1063 sed
423 998 583 1062 adiectivo
619 997 805 1062 accuratius
839 997 972 1063 definita
1004 999 1057 1080 sit,
1067 999 1099 1082 *)
1135 998 1175 1062 ad
1206 997 1314 1065 Plauti

136 1125 230 1172 usum
255 1107 387 1171 minime
412 1111 523 1185 aptum
549 1105 667 1186 est.**)
1088 1114 1090 1119 '
1147 1088 1149 1091 ⁵
1284 1088 1285 1092 ¹

203 1363 204 1366 Ἴ
245 1283 264 1370 ξ
289 1292 318 1349 2.
341 1285 458 1364 Itaque
483 1285 666 1364 praeceptis
689 1284 757 1349 illis
781 1284 921 1365 Reisigii
951 1283 1079 1348 emissis
1103 1284 1144 1348 ad
1168 1284 1316 1365 singulos

134 1394 224 1458 iocos
258 1392 455 1457 accedamus.
503 1391 591 1474 Ques
623 1393 860 1471 perlustrantes
893 1391 1070 1470 permultos
1101 1384 1315 1474 inveniemus,

128 1500 170 1564 *in
188 1500 305 1579 quibus
321 1518 436 1564 numen
458 1498 625 1580 proprium
642 1498 838 1580 appositieni
856 1499 1038 1563 subiectum
1059 1498 1092 1563 in
1110 1499 1174 1564 fine
1189 1517 1314 1582 versus,

128 1608 320 1688 nonnullos.
345 1607 379 1670 in
396 1607 514 1685 quibus
534 1607 568 1670 in
585 1607 680 1671 initio
701 1606 904 1686 insequentis
920 1623 1036 1671 versus
1061 1605 1113 1671 vel
1129 1606 1163 1671 in
1180 1624 1316 1671 caesura

135 1715 277 1794 positum
310 1719 369 1778 est.
416 1715 535 1777 Netum
566 1720 674 1779 autem
708 1720 759 1779 est
790 1715 864 1778 illes
895 1732 1010 1778 versus
1029 1715 1129 1796 ¹locos
1160 1714 1315 1779 maiorem

129 1820 232 1883 ’metri
257 1820 432 1902 licentiam,
457 1839 522 1901 qua
544 1828 661 1901 poetae
685 1821 719 1884 in
739 1821 925 1885 nominibus
942 1817 1152 1902 propriis***)
1167 1826 1314 1904 utuntur,

132 1927 265 1992 habere.
312 1925 397 2008 Quin
430 1927 528 1991 etiam
560 1928 722 1992 interdum
753 1924 895 2014 verba†)
928 1928 1075 1992 consulte
1108 1928 1142 1992 in
1166 1928 1212 1993 eis
1236 1928 1316 1992 locis

198 2102 222 2167 *)
242 2103 399 2172 Vorlesgg.²
418 2103 469 2156 III.
489 2120 514 2170 p.
533 2105 595 2157 867.

187 2210 223 2277 ”1
242 2212 274 2264 In
288 2213 338 2264 hcc
351 2216 496 2278 conspectu
509 2227 554 2264 eas
567 2211 756 2278 appositiones,
776 2226 845 2277 quae
861 2211 1013 2277 nominibus
1026 2211 1141 2278 propriis
1155 2210 1316 2264 attributive

245 2300 388 2352 adiunctae
407 2305 479 2366 sunt,
500 2301 643 2367 composui.

130 2403 779 2441 ’.ΒΡ-Ξ

515 2461 583 2526 App.
603 2463 773 2528 postponitur
781 2435 942 2568 7.—
967 2464 1036 2530 App.
1056 2463 1230 2530 anteponitur

448 2585 515 2651 App.
536 2600 552 2637 a
571 2600 636 2638 voce
668 2586 736 2651 App.
756 2602 772 2638 a
791 2601 855 2640 voce
893 2587 962 2653 App.
983 2602 999 2638 a
1017 2601 1080 2639 voce
1114 2586 1182 2653 App.
1201 2601 1218 2638 a
1236 2601 1301 2639 voce

429 2631 431 2696 ⁴
467 2674 544 2740 prim.
563 2689 616 2728 non
720 2676 797 2743 prim.
913 2675 990 2744 prim.
1010 2691 1064 2728 non
1167 2675 1243 2741 prim.

428 2742 622 2844 !disiungitur
678 2765 844 2833 disiungitur
904 2765 1069 2832 disiungitur
1125 2763 1291 2832 disiungitur

135 2913 277 2980 Appositis
290 2914 348 2966 sola
362 2930 405 2967 ex·
429 2881 431 2948 Ῑ
649 2885 651 2986 i

172 3007 230 3054 stat
523 3004 558 3056 36
649 2991 651 3053 1
745 3005 780 3057 ac
969 3007 1003 3058 sa
1191 3004 1227 3058 20

352 3091 646 3100 ——u——Q
656 3092 868 3098 0*—

126 3134 307 3202 „Appositieni
329 3151 404 3202 prun.
430 3165 432 3259 1

171 3225 214 3279 vel
242 3225 405 3280 adiectivnm
430 3264 432 3271 .
871 3187 872 3258 i

170 3315 214 3368 vel
260 3314 404 3383 genetivus
870 3308 879 3439 1(
1095 3309 1098 3481 Α

171 3404 332 3473 adiungitur
522 3405 555 3458 31
744 3406 779 3460 39
870 3419 877 3477 r
969 3407 1004 3461 34
1061 3415 1063 3421 ’
1094 3412 1112 3500 Ι“
1141 3417 1143 3420 ’
1191 3406 1226 3459 55
1259 3415 1261 3418 ’
1300 3422 1302 3424 ·

1094 3501 1097 3541 1

422 3520 425 3591 r
522 3523 556 3575 cr
744 3516 779 3577 aa
870 3480 877 3591 11
968 3517 1002 3575 su
1094 3507 1234 3588 115-
1299 3521 1302 3530 ’

167 3623 225 3692 ***)
243 3626 359 3680 Plautus
384 3629 540 3695 saepissime
566 3628 675 3682 nomina
700 3631 808 3696 propria
835 3629 863 3681 in
888 3629 941 3681 illis
968 3627 1035 3681 lucis
1059 3626 1150 3695 pouit3
1180 3617 1221 3681 cf.
1238 3625 1314 3681 Asin.

245 3715 394 3769 75111116.
424 3718 486 3772 335.
521 3718 605 3772 Stich.
625 3721 686 3784 238,
720 3718 766 3772 ubi
800 3718 911 3772 nomina
936 3718 1044 3784 propria
1060 3723 1097 3772 'et
1114 3718 1142 3770 in
1161 3716 1214 3771 fine
1239 3717 1314 3771 et'in

245 3803 323 3856 initio
342 3819 444 3856 versus.
455 3812 572 3861 exstant.
609 3807 643 3860 In
655 3807 789 3876 Propertii
806 3807 912 3874 quidem
932 3805 979 3861 lib.
989 3807 1006 3859 Ι
1024 3823 1105 3862 cerm.
1118 3806 1169 3860 XV
1181 3805 1315 3874 prioribus

242 3891 276 3945 de
303 3893 354 3946 165
379 3893 533 3947 nominibus
552 3896 665 3962 propriis
690 3897 742 3951 132
768 3897 796 3948 in
814 3897 880 3949 loeis
899 3912 995 3950 versus
1013 3896 1170 3974 ¹insignibus
1195 3901 1314 3962 exstant,

243 3984 290 4046 (23
308 3982 337 4034 in
356 3995 450 4035 versus
470 3983 557 4051 initio,
576 3984 611 4037 35
630 3985 659 4056 in
677 3984 738 4054 fine,
758 3987 792 4040 74
811 3986 839 4039 in
859 3988 989 4053 caesura).
1029 4025 1030 4030 .

186 4091 225 4159 ἦ)
244 4091 284 4145 Oi.
304 4090 401 4144 Pseud.
422 4091 501 4144 1153.
521 4090 604 4149 Stich.
624 4093 684 4156 536,
709 4091 756 4145 ubi
775 4091 923 4146 subiectum
943 4094 1077 4151 enuntiati
1102 4094 1131 4146 in
1149 4106 1244 4146 versus
1262 4091 1315 4146 fine

244 4185 349 4248 exstem
378 4179 439 4234 vide
465 4180 548 4234 etiam
574 4178 650 4236 Asin.
669 4182 723 4235 334
733 4196 772 4248 sq.
799 4182 881 4236 Bach.
900 4183 962 4237 391.
990 4184 1067 4251 Epiri}
1088 4183 1148 4236 127.
1177 4182 1233 4236 Mil.
1253 4182 1313 4237 550.

243 4272 322 4324 Trnc.
343 4270 396 4324 499
406 4286 445 4337 sq.
474 4270 535 4324 Ter.
555 4270 624 4324 Eun.
640 4272 697 4344 270
706 4286 744 4338 sq.
769 4272 830 4326 642.
857 4272 919 4327 925.
944 4303 978 4320 -ν-
1000 4272 1033 4326 in
1058 4271 1111 4325 fine
1135 4271 1218 4326 etin
1233 4271 1314 4326 initio

243 4361 378 4415 enuntiati
398 4362 507 4415 nomine
528 4361 637 4429 propria
655 4367 764 4415 exstant
784 4352 879 4444 fimph.
899 4362 960 4417 394.
991 4352 1000 4401 ἶ
1114 4418 1117 4423 ,
1180 4403 1181 4407 .
1254 4407 1255 4410 ,
