3060 4876
655 383 879 442 „21...

176 577 304 641 Phorm.
330 579 452 656 bulso.
476 576 547 658 Ego
575 574 726 637 bominem
762 573 960 639 callidiorem
997 571 1063 637 vidi
1089 572 1248 638 ,nerninem

177 683 280 766 Quam
305 683 545 748 Phormionem.

176 791 304 857 Phorm.
341 797 413 855 808.
440 791 486 856 Ut
509 789 641 869 propior
664 787 724 868 illi,
750 790 845 868 quarn
870 806 930 870 ego
966 806 1036 852 sum
1072 806 1110 852 ao
1146 796 1190 872 tu,
1221 792 1359 856 nemost.

927 895 984 960 De.
1008 895 1051 960 Di
1076 903 1218 960 vestram
1232 897 1358 963 'fidemt

285 1002 332 1058 Sir
357 1001 587 1071 Umpfenbnebr'uo
604 1000 683 1053 homo
702 1014 779 1052 nemo
798 1004 840 1052 est
859 998 932 1052 librr'.

282 1111 375 1194 Quod
411 1111 451 1176 ad
489 1110 659 1177 verborum
695 1107 840 1172 ordinem
878 1109 1008 1192 attinet,
1048 1110 1189 1176 Plautus
1224 1113 1353 1193 quidem

176 1222 311 1286 verbum
335 1237 430 1300 ormo,
455 1218 519 1282 nisi
543 1216 706 1298 gravioris
738 1216 892 1280 momenti
925 1234 1024 1281 causa
1054 1218 1215 1285 adfinem
1240 1240 1359 1287 versus

177 1327 282 1411 (Asin.
323 1333 396 1401 roo,
436 1325 508 1391 uas.
547 1329 622 1407 aaa,
662 1324 760 1388 More.
802 1328 882 1407 141,
922 1325 989 1389 mn.
1028 1331 1121 1391 1411.
1162 1327 1236 1392 vio.
1279 1330 1355 1410 ror)

178 1442 235 1499 aut
258 1443 335 1499 ante
359 1451 527 1498 caesuram
552 1431 650 1511 (Rud.
665 1431 742 1510 968)
754 1431 939 1514 removerit,
958 1435 1057 1497 verbo
1073 1433 1160 1497 boreo
1178 1435 1360 1514 praemisit.

177 1542 236 1607 Cui
266 1541 332 1623 legi
356 1542 419 1606 duo
443 1539 664 1605 adversantur
690 1537 752 1602 loci
788 1538 884 1603 Most.
914 1544 988 1620 901,
1021 1541 1076 1604 ubi
1109 1540 1205 1606 valde
1228 1541 1356 1607 ineerta

177 1657 227 1715 est
251 1650 415 1729 scriptura
451 1654 484 1711 et
508 1647 575 1710 Mil.
602 1651 676 1727 332,
702 1645 767 1726 ubi,
804 1663 997 1726 quamquam
1035 1647 1068 1712 in
1104 1648 1191 1713 huno
1226 1651 1354 1715 modum

177 1756 350 1836 transponi
375 1762 529 1834 poterent
552 1755 654 1818 verba
686 1748 782 1815 Nemo
804 1771 851 1815 me
873 1751 958 1816 bomo
981 1752 1153 1836 deterrebit,
1180 1762 1289 1821 tamen
1312 1776 1360 1820 me

179 1865 220 1928 ab
244 1863 338 1927 initio
363 1879 477 1928 versus
500 1858 729 1926 removendum
750 1878 821 1925 esse
845 1879 908 1924 non
933 1867 1021 1942 puto.
1056 1862 1138 1927 Nam
1163 1883 1202 1929 ex
1226 1872 1357 1929 antece·

180 1970 332 2035 dentibus
356 1970 465 2035 verbis
488 1975 530 2048 (v.
556 1967 634 2051 331)
658 1965 741 2030 Mtte·
764 1986 817 2052 epo
839 1967 936 2046 viden,
959 1967 1037 2030 nelli
1066 1989 1119 2053 epo
1149 1973 1250 2055 sapie,
1280 1971 1361 2034 rniltr'

177 2097 230 2162 epo
253 2076 342 2141 credo
366 2079 549 2162 plur-imum:
573 2077 681 2143 elucet
695 2096 742 2138 me
757 2078 905 2142 consulto
922 2077 955 2141 in
973 2096 1087 2143 versus
1104 2079 1199 2144 initio
1212 2079 1353 2160 positum

176 2205 266 2267 esse;
290 2186 478 2266 suspicatur
501 2185 586 2250 enim
612 2185 793 2266 Sceledrus,
819 2185 874 2265 qui
900 2186 980 2250 haee
1010 2187 1107 2250 verba
1139 2186 1354 2268 proloquitur,
1445 2241 1447 2245 ,

177 2293 433 2358 Palaestrionem
468 2309 659 2358 conservum
693 2292 839 2356 studiose
871 2292 903 2355 id
928 2311 1036 2373 agere,
1061 2300 1098 2358 ut
1121 2312 1156 2358 se
1185 2313 1204 2358 a
1230 2293 1360 2359 foribus

176 2399 278 2463 vicini
311 2396 428 2463 fraude
463 2407 632 2480 amoveat3
667 2400 813 2480 glorians
849 2418 883 2464 se
919 2401 980 2466 hoe
1013 2400 1228 2483 perspexisse,
1254 2406 1362 2465 semet

177 2505 285 2584 ipsum
309 2504 380 2570 falli
405 2525 468 2571 non
498 2523 593 2586 posse
618 2508 718 2572 verba
742 2524 841 2587 supra
866 2508 967 2572 allata
989 2507 1189 2588 pronuntiat.
1236 2509 1360 2588 Itaque

175 2632 219 2676 me
248 2612 288 2678 de
312 2614 416 2693 primo
440 2632 557 2680 versus
585 2615 654 2679 loeo
687 2631 855 2679 removere
884 2598 948 2678 non
978 2614 1143 2694 debemus,
1168 2614 1219 2680 sin
1244 2624 1356 2679 autem
1419 2630 1421 2635 ·

176 2721 348 2787 scribimus
372 2742 418 2786 me
434 2721 630 2805 nemobomo,
655 2723 784 2804 syllaba
808 2729 1161 2803 reversusaecentum,
1187 2723 1241 2802 qui
1267 2723 1296 2787 ei
1320 2723 1355 2786 in

176 2830 295 2895 ceteris
334 2831 413 2895 iocis
449 2839 510 2911 est,
547 2829 678 2895 amittit.
727 2829 791 2895 Sed
827 2829 967 2895 fortasse
1001 2831 1090 2894 lorus
1122 2835 1235 2894 noster
1258 2828 1359 2895 aliter

175 2937 419 3018 intellegendus
448 2944 511 3003 est.
557 2938 662 3018 Saepe
697 2937 782 3002 enim
819 2937 971 3017 Plautus,
1009 2937 1142 3017 saepius
1177 2936 1359 3001 Terentius

176 3045 312 3108 verbum
348 3041 435 3106 bomo
469 3045 580 3109 eodem
620 3062 719 3109 sensu
755 3063 793 3110 ao
827 3063 1004 3125 pronomen
1037 3044 1154 3110 tertiae
1194 3063 1358 3125 personae

176 3156 346 3231 usurpant.
392 3151 431 3216 In
456 3151 508 3216 his
531 3151 611 3217 locis

174 3257 304 3322 Phorm.
341 3262 414 3324 252.
440 3257 503 3324 Sed
539 3258 618 3339 quid
641 3276 751 3324 cessas
775 3260 934 3326 hominem
972 3260 1062 3326 adire
1098 3265 1132 3325 et
1167 3261 1285 3326 blande
1320 3261 1353 3324 in

1012 3367 1172 3447 principio
1197 3367 1357 3446 adloquii

176 3473 265 3539 Asin.
290 3479 364 3538 596.
412 3475 516 3539 Homo
540 3474 649 3540 herote
674 3475 749 3540 hinc
772 3477 939 3540 exclusust
962 3472 1060 3538 foras.

174 3581 291 3662 Amph.
316 3587 392 3662 265,
416 3585 491 3664 295,
517 3581 618 3648 Stich.
647 3587 722 3662 573,
758 3582 855 3646 Poen.
893 3587 954 3645 977
992 3599 1018 3646 e.
1056 3600 1082 3645 a.
1117 3580 1201 3643 bomo
1229 3579 1357 3646 adeas

112 3698 116 3703 '
174 3705 341 3770 personas,
366 3690 506 3770 quaein
531 3708 629 3755 scena
653 3695 837 3771 versantur,
862 3686 1014 3753 refertur.
1061 3686 1232 3754 Sceledrus
1249 3688 1357 3771 igitur

174 3813 214 3862 ox
237 3794 294 3862 illo
317 3797 418 3861 animi
443 3795 572 3878 affectu,
597 3815 692 3876 quem
716 3814 816 3879 supra
847 3796 1049 3877 adumbravi,
1083 3796 1178 3861 dicit:
1225 3793 1275 3858 Me
1297 3797 1357 3858 iste

172 3906 303 3987 (nempe
326 3903 522 3983 Palaestrio)
634 3922 720 3968 nunc
750 3922 785 3970 se
808 3905 912 3987 ipsum
939 3904 1181 3987 interrumpens
1215 3903 1352 3983 corrigit

172 4011 254 4077 illud
278 4011 335 4074 iate
358 4016 391 4077 et
415 4010 531 4075 latiore
554 4009 686 4075 notione
709 4012 834 4093 pergit:
858 4031 941 4076 nemo
964 4010 1133 4095 deterrebit,
1158 4011 1243 4090 quod
1261 4020 1356 4074 actor

172 4119 280 4202 spatio
314 4118 470 4200 temporis
502 4117 695 4199 interposito
732 4119 914 4200 exprimere
950 4119 1071 4185 debuit.
1119 4116 1224 4183 Simili
1258 4116 1351 4181 modo

173 4228 271 4293 etiam
296 4229 380 4294 Eun.
407 4231 492 4294 1082
517 4226 681 4308 intellego.
727 4227 876 4309 Spatium
899 4233 1007 4293 autem
1033 4224 1126 4308 illud,
1151 4224 1236 4305 quod
1261 4230 1355 4289 actor¹

172 4335 276 4402 uerba
307 4335 491 4399 bomo-nemo
526 4335 744 4418 pronuntians
787 4335 986 4416 intermitt't,
1024 4335 1058 4398 in
1091 4333 1240 4399 omnibus
1275 4332 1355 4397 aliis
