3060 4876
651 376 874 434 -25-

174 565 290 644 Amph.
316 569 390 628 930.
415 566 597 631 ..comitem
620 566 700 630 mihi
722 563 903 650 pudicitiam
927 565 1048 630 aufero.

173 670 270 753 3Pers.
289 676 361 757 280.
392 670 520 734 Seruum
539 678 678 758 meram,
712 673 858 755 linguam
882 673 1016 738 liberam
1043 691 1119 738 erus
1149 674 1246 739 iussit
1278 673 1360 739 meri.

668 870 671 878 Ι
1222 782 1359 847 habere.

280 883 391 938 liberam
411 883 478 937 libri
497 880 646 938 OPERAM
665 885 700 939 A.

173 976 264 1059 Pers
278 975 473 1058 tsc.··Perii,
500 976 620 1058 interii,
650 995 820 1057 pessumus
844 977 897 1042 hic
922 977 1002 1042 mihi
1025 976 1091 1041 dies
1114 979 1209 1044 hodie
1232 979 1352 1042 inluxit

377 1146 379 1150 .
1172 1091 1360 1169 corruptor:

172 1189 271 1254 Pcen.
307 1196 382 1286 843.
419 1185 561 1255 Obsecro
598 1190 705 1255 hercle
740 1208 865 1273 operum
900 1192 1020 1254 celocem
1059 1192 1144 1257 hanc
1182 1193 1272 1275 mihi,
1312 1212 1362 1259 ne>

1097 1299 1243 1362 corbitam
1267 1301 1351 1365 date.

172 1404 290 1470 Pseud.
314 1410 366 1469 42.
389 1405 455 1469 Per
478 1423 583 1470 ceram
609 1410 642 1468 et
664 1403 789 1486 lignum
814 1404 992 1487 litterasque
1014 1405 1192 1487 interpretes

172 1510 256 1576 Ruri.
282 1517 343 1576 987
359 1530 406 1592 sq.
443 1512 505 1578 Sed
537 1519 573 1576 tu
598 1528 790 1590 enumquam
825 1511 1020 1590 piscatorem
1049 1511 1171 1591 vidisti,
1197 1513 1357 1591 venefice.

182 1617 328 1681 Vidulum
351 1621 464 1703 piscem
488 1618 612 1698 cepisse

172 1725 256 1791 Eun.
284 1733 377 1792 1072.
403 1724 581 1791 ..Militem
605 1743 664 1806 ege
689 1727 815 1788 riualem
839 1725 1066 1806 recipiundum
1091 1743 1215 1790 censeo.

281 1832 345 1915 Qui
378 1834 438 1898 loci
467 1833 599 1914 proprie
632 1834 694 1897 huc
726 1851 789 1896 non
818 1833 998 1914 pertinent,
1034 1833 1106 1912 quia
1142 1832 1361 1897 substantiva

173 1941 325 2020 apposita
338 1941 524 2021 primariam
538 1941 700 2004 notionem
712 1948 847 2004 eatenus
861 1945 989 2004 tantum
1000 1940 1175 2023 explicant,
1190 1945 1361 2020 quatenus.

53 2122 56 2126 ,
173 2046 396 2127 praedicatum
420 2046 576 2127 postulet.

566 2797 677 2893 Pars
709 2797 951 2917 posterior.

392 2940 453 3036 Ile
487 2940 794 3060 appositionis
828 2937 1141 3037 collocatione.

281 3101 346 3188 §L
371 3101 464 3184 Quod
489 3103 693 3184 grammatici
718 3101 836 3168 docent
860 3102 1096 3183 appositionem
1120 3102 1242 3166 nomini
1267 3101 1359 3181 qucd'

172 3207 390 3274 definiendum
415 3216 465 3276 est
489 3208 606 3288 subici,
641 3228 700 3291 per
724 3228 758 3276 se
782 3210 909 3291 quidem
942 3228 1056 3276 verum
1081 3227 1118 3274 ac
1142 3209 1191 3274 rei
1215 3216 1362 3274 naturae·

173 3321 428 3381 consentaneum
452 3318 546 3393 est.*)
595 3318 716 3383 Contra
739 3336 810 3382 eam
835 3318 939 3399 legem
964 3317 1094 3397 saepius
1124 3316 1255 3397 neglegi
1279 3333 1355 3379 con·

173 3427 249 3488 stat.
296 3420 388 3505 Quod
413 3424 532 3505 quibus
555 3423 739 3488 rationibus
770 3421 893 3488 factum
919 3423 964 3487 sit
993 3423 1027 3488 in
1053 3424 1244 3503 quibusdam
1271 3420 1360 3486 locis.

172 3529 268 3596 iacile
292 3531 509 3613 intellegitur,
546 3531 602 3596 ubi
627 3549 743 3596 nemen
767 3531 933 3612 preprium
961 3549 1025 3595 non
1049 3529 1259 3613 substantivi,
1295 3527 1352 3593 sed

172 3638 329 3704 adiectivi
360 3657 493 3704 munere
523 3636 744 3722 iungitur.**)
798 3637 934 3702 Talibus
961 3643 1070 3703 autern
1096 3639 1174 3704 locis
1204 3635 1351 3717 exceptis

235 3812 261 3882 *)
280 3814 401 3867 Eundem
421 3829 478 3867 esse
502 3813 606 3867 dicendi
631 3829 708 3867 nsum
734 3814 762 3867 in
781 3813 877 3881 lingua
900 3815 1034 3868 sanserita
1053 3819 1080 3868 et
1098 3829 1197 3884 graeca
1220 3818 1248 3867 et
1266 3811 1364 3866 latina.

280 3903 474 3957 Delbrueckius
504 3903 591 3972 (synt.
620 3902 768 3972 Forschgg.
797 3902 845 3956 IV.
875 3904 938 3968 152)
971 3903 1069 3958 decuit.
1116 3905 1224 3972 Semper
1252 3917 1284 3956 ca
1310 3901 1355 3955 lex

281 3997 407 4047 servatur
434 3992 651 4059 speculantum
675 3992 706 4046 in
730 3993 786 4046 his:
815 3998 896 4048 natus
915 4025 948 4032 —
969 3994 1067 4048 Alcaeo
1086 3999 1164 4060 patre
1192 3991 1288 4060 Amph.
1308 3992 1363 4046 98..

280 4082 357 4136 Davo
381 4088 546 4150 prognatum
571 4087 648 4149 patre
672 4083 769 4150 Amph.
790 4084 851 4138 365.
871 4085 932 4138 614.
958 4099 973 4137 e
998 4082 1123 4150 Philippa
1148 4086 1235 4134 matre
1259 4086 1353 4134 natam

280 4172 358 4240 Epiri.
368 4172 430 4226 636.
440 4171 549 4226 Moscho
558 4177 722 4240 prognatum
741 4178 820 4241 patre
837 4174 907 4227 Men.
927 4173 988 4227 408.
1008 4173 1086 4227 1078.
1106 4171 1151 4238 qui
1170 4170 1363 4225 eluetOucine

280 4266 359 4328 patre
376 4262 446 4316 Men.
466 4262 528 4317 854.

224 4349 266 4416 **)
285 4351 325 4406 ef.
344 4351 446 4420 Reisig.
466 4351 610 4421 Vorlesgg.
631 4352 709 4408 1888.
729 4352 780 4406 111.
799 4368 825 4419 p.
845 4352 905 4406 eat.
