3060 4876
655 365 877 424 -23..

280 561 357 628 Epid.
374 558 431 614 '704
450 573 488 624 so.
507 558 545 611 nt
574 573 604 611 eo
625 560 739 624 argento
758 553 832 607 illam
851 569 894 608 mc
913 553 1008 608 emisse
1027 552 1139 606 amicam
1158 550 1197 604 fili
1215 549 1354 604 fidicinam

266 652 331 705 .Pro
350 657 400 704 tua
419 649 484 703 filia.

279 740 423 795 Structura
441 747 496 793 est:
516 737 590 790 illam
610 735 753 802 fidicinam,
773 734 885 788 amicam
904 731 950 785 fili.

171 834 269 899 Pnen.
296 838 382 897 1094
392 851 438 912 sq.
463 829 653 894 meretrices
677 826 833 892 servolae.
857 824 941 889 Vide
966 841 994 905 p.
1025 829 1072 887 15.

171 941 256 1006 Eun.
283 946 324 1004 30
338 957 385 1019 sq.
411 938 511 1004 Colax
536 933 756 1000 Menandrist:
782 933 815 997 in
839 939 913 997 east
934 933 1096 1014 parasitus
1119 929 1210 992 colcu

171 1049 216 1113 Et
239 1048 334 1112 miles
357 1045 538 1132 gloriosus:

280 1152 353 1238 §3.
398 1152 438 1216 In
462 1151 513 1215 his
549 1149 698 1214 omnibus
734 1148 813 1212 locis
846 1146 923 1210 ordo
953 1146 1126 1211 verborum
1160 1153 1250 1210 certa
1280 1144 1356 1224 lege

174 1279 237 1326 non
263 1259 392 1327 videtur
417 1256 638 1324 circumscribi
662 1274 764 1338 posse.
812 1253 962 1319 Licentia
994 1258 1102 1318 autern
1146 1252 1353 1332 aliquantum

175 1376 342 1433 coercetur
364 1367 398 1431 in
423 1367 471 1432 eis
494 1366 584 1443 locis,
609 1364 641 1428 in
668 1365 786 1443 quibus
809 1361 940 1426 nomina
963 1359 1061 1440 borno,
1078 1359 1134 1439 nir,
1152 1358 1263 1420 mulier
1280 1376 1354 1422 cnm

173 1477 247 1541 aliis
283 1475 469 1539 nominibus
505 1473 645 1556 speciem
681 1459 1232 1552 significantibusconiunguntur.
1280 1466 1356 1530 Hae

173 1583 258 1648 enim
270 1581 527 1664 significationes
540 1581 729 1661 plerumque
742 1585 808 1641 tam
821 1575 992 1657 generales
1005 1579 1092 1656 sunt,
1108 1582 1143 1639 ut
1163 1573 1353 1638 notionibus

174 1691 372 1772 specialibus
419 1688 586 1753 subiectae
624 1704 727 1768 paene
761 1684 853 1766 nibil,
888 1685 974 1764 quod
1014 1684 1047 1746 in
1086 1679 1357 1760 antecedentibus

175 1797 312 1862 vocibus
336 1814 399 1859 non
425 1794 648 1874 contineatur,
685 1792 817 1857 addant.
864 1791 983 1871 Itaque
1008 1797 1084 1854 ante
1107 1789 1241 1852 verbum
1266 1786 1356 1851 benuo

175 1923 213 1969 ea
248 1903 341 1967 modo
376 1901 506 1967 nomina
542 1902 616 1982 poni
652 1907 799 1982 possunt,
835 1917 918 1979 onae
952 1897 1087 1961 formam
1119 1894 1353 1959 adiectivorum

175 2012 307 2091 habent,
332 2009 507 2090 praecipue
541 2025 648 2072 seruos.
696 2008 796 2072 Porro
828 2025 869 2070 ex
902 2024 949 2088 oo,
987 2004 1071 2085 qnod
1108 2010 1186 2067 ante
1218 2003 1354 2067 verbum

103 2131 106 2137 ’
173 2118 285 2180 nrulier
310 2116 358 2181 bis
382 2115 683 2197 rncrcirr'uponitur,
709 2114 857 2194 intellegi
881 2118 989 2195 potest
1012 2112 1168 2173 rnulierem
1193 2127 1265 2174 esse
1289 2127 1353 2173 non

173 2227 270 2307 plane
303 2225 451 2306 generali
487 2222 737 2304 significatione.
793 2222 842 2286 De
876 2222 978 2286 verbo
1012 2219 1062 2282 uir
1097 2234 1181 2282 cum‘
1205 2216 1355 2298 exempla

175 2332 284 2396 desint
309 2331 495 2395 accuratius
519 2347 677 2408 quaerere
701 2347 765 2392 non
791 2346 971 2408 possumus.
1019 2326 1114 2392 Certe
1145 2326 1205 2389 hoc
1238 2343 1353 2389 nomen

175 2437 270 2502 alteri
307 2436 429 2500 nomini
466 2436 615 2517 postponi
649 2435 765 2517 potuit.
823 2432 915 2517 Quod
951 2435 1050 2499 semel
1085 2433 1209 2515 legitur
1254 2450 1355 2493 mures

175 2542 357 2627 bornincs*),
382 2545 442 2608 hoo
465 2544 547 2608 utile
571 2552 622 2608 est
646 2543 686 2608 ad
712 2542 841 2607 dicendi
866 2560 958 2607 nsum
983 2548 1072 2607 recte
1089 2540 1356 2622 intellegendum.

175 2652 257 2716 Nam
293 2670 365 2716 cum
391 2653 492 2716 verba
514 2671 583 2713 mus
605 2659 638 2716 et
661 2650 750 2714 boum
773 2660 854 2733 (non
878 2668 972 2714 secus
998 2668 1036 2714 ac
1060 2656 1212 2713 meteret
1238 2651 1353 2710 leno—

173 2760 320 2823 rnerctrr'rc
335 2764 370 2825 et
384 2759 699 2840 rupino-aliaque)
712 2776 782 2822 earn
797 2757 966 2839 rationem,
992 2774 1077 2836 quae
1088 2757 1176 2820 inter
1199 2774 1304 2837 genus
1320 2762 1355 2820 et

176 2866 314 2948 speciem
350 2874 410 2949 est,
443 2885 508 2930 non
541 2883 599 2947 per
637 2865 858 2946 sehabeant,
889 2864 946 2929 sed
983 2863 1195 2936 collocatione
1226 2861 1354 2928 demum

175 2973 347 3053 recipiant,
372 2972 644 3037 ordoverbornm
663 2973 759 3053 plane
776 2991 816 3037 ex
833 2972 970 3036 arbitrio
990 2970 1164 3035 scribentis
1174 2969 1353 3052 pendet.**)

178 3079 241 3144 sed
266 3079 322 3143 ubi
346 3079 403 3142 illa
426 3078 511 3142 ratio
535 3096 594 3160 per
616 3098 652 3144 se
676 3079 764 3144 inter
788 3080 870 3144 duas
895 3079 1042 3143 notiones
1065 3078 1251 3159 intercedit,
1276 3079 1357 3143 ordo

178 3186 348 3250 verborum
374 3190 483 3250 certus
507 3194 565 3250 est.
612 3184 705 3266 Quod
729 3205 770 3251 ex
793 3187 840 3252 eis
865 3187 952 3269 locis,
979 3186 1033 3250 ubi
1051 3187 1155 3250 altera
1173 3205 1244 3268 vox,
1270 3204 1358 3266 quae

176 3293 315 3374 speciem
339 3292 521 3375 significat,
555 3294 717 3360 notionem
751 3294 887 3359 alterius
921 3295 1017 3375 plane
1049 3310 1106 3375 per
1137 3312 1172 3357 se
1196 3294 1355 3374 continet,

176 3399 318 3465 dilucide
342 3401 526 3482 perspicere
550 3403 664 3483 possis.
713 3402 870 3483 Exempla
894 3409 971 3466 sunt
995 3401 1088 3465 llaec:

177 3507 270 3572 Oura.
297 3513 346 3572 76.
394 3509 487 3572 Anus
511 3508 563 3572 hic
587 3508 670 3573 solet
695 3510 843 3572 cubitare
865 3513 965 3572 matos
988 3507 1128 3572 ianitrix.

176 3612 269 3679 Ourc.
295 3618 368 3679 647.
391 3614 550 3680 Exoritur
574 3621 676 3678 uentus
699 3613 805 3678 turbo:

284 3717 358 3772 Trin.
382 3719 443 3774 835.
471 3720 516 3773 Ita
543 3721 596 3773 iam
625 3719 702 3787 quasi
731 3735 819 3784 canes,
850 3718 922 3773 haud
951 3734 1026 3772 secus
1054 3719 1229 3772 circumstant
1257 3735 1354 3773 navem

1136 3808 1244 3863 turbine
1262 3810 1355 3863 venti:

283 3897 357 3952 Libri
377 3912 437 3952 cnm
456 3898 596 3952 Ababent
614 3900 736 3954 trrrbincs
753 3899 840 3954 oculi:
859 3898 930 3964 quod
949 3898 1121 3951 Hermannus
1141 3900 1264 3953 correxit.

175 3992 272 4057 Marc.
298 3993 352 4055 87.
377 3989 540 4056 Aedificat
561 4009 670 4053 aurern
693 4010 851 4054 cucurum
875 3996 908 4054 et
932 3990 1047 4055 mercis
1071 3990 1169 4054 emit:

282 4112 420 4152 cercurum
440 4097 617 4151 Camerarius
636 4114 649 4149 c
668 4094 765 4164 Nonio,
784 4097 831 4151 nbi
851 4111 986 4163 cercyrum
1006 4095 1079 4149 libri.

175 4206 387 4216 —n—-m—

240 4257 267 4324 *)
286 4259 327 4314 Cf.
347 4259 430 4314 maris
448 4258 511 4312 deos
530 4257 583 4312 Cic.
604 4257 635 4310 N.
656 4258 688 4310 D.
710 4258 734 4311 1.
753 4257 797 4311 34.
816 4258 859 4312 95.
879 4256 964 4310 maris
984 4256 1081 4324 anguis
1101 4256 1154 4309 div.
1174 4258 1199 4309 2.
1219 4256 1262 4309 29.
1282 4255 1326 4309 62.
1359 4237 1361 4240 ⁴

182 4340 184 4344 ’
223 4345 265 4416 **)
284 4347 325 4404 Cf.
335 4348 364 4404 O.
374 4349 404 4403 F.
415 4348 486 4403 Guil.
496 4347 654 4403 Muellerum
674 4363 736 4401 ann.
756 4346 847 4414 philol.
866 4348 919 4404 vol.
930 4351 963 4403 91
984 4347 1115 4413 (1865)p.
1130 4347 1355 4412 susspensus.
