3060 4876
650 329 783 388 ..14
831 361 871 369 --

173 517 349 598 Imperitos
373 537 493 600 rerum,
518 519 652 584 eductos
676 518 789 599 libare,
814 519 1021 586 mirandem
1047 523 1175 589 inlicis?

174 625 294 689 Heaut.
320 631 361 689 93
376 645 421 706 sq.
447 623 611 689 ..Filium
635 626 763 692 unicum
790 621 1068 692 adulescentulum

173 733 297 798 Habeo.

172 966 267 1046 Elpid.
287 971 329 1030 43
344 984 389 1046 sq.
415 964 499 1046 Quia
513 963 616 1029 forma
627 964 736 1045 lepida
748 971 782 1031 ct
794 966 920 1031 liberali
933 970 1086 1052 captiuam
1098 967 1353 1032 adulescentulam

170 1076 223 1139 ,De
247 1073 370 1154 praeda
394 1079 581 1137 mercatust.

283 1177 322 1231 ef.
344 1177 478 1230 Wueseke
497 1193 522 1243 p.
545 1180 592 1230 10:
615 1177 747 1244 „Dubium
768 1183 816 1244 est,
838 1183 928 1230 utrum
942 1180 1059 1246 captiua,
1089 1197 1124 1232 an
1151 1181 1353 1236 aduleacculula

172 1267 297 1320 hocloco
317 1267 354 1320 sit
372 1266 452 1333 plane
471 1265 679 1333 substantivum,
700 1266 763 1331 quia
782 1270 879 1320 neutra
898 1283 950 1320 vox
968 1268 1042 1321 nullo
1062 1269 1118 1322 loco
1149 1270 1277 1325 Plautino
1304 1282 1353 1325 aut

169 1356 338 1424 Terentiano
367 1371 431 1424 prae
461 1371 488 1409 se
516 1354 570 1408 fert
599 1355 653 1408 rim
677 1355 757 1422 plane
776 1355 1000 1419 substantivam.“
1049 1357 1099 1410 Sed
1128 1359 1163 1412 ci.
1188 1360 1264 1426 Epid.
1293 1363 1353 1415 107.

173 1447 244 1500 Rnd.
264 1447 326 1500 416.
347 1447 446 1500 Heaut.
467 1445 528 1498 654.

170 1539 338 1602 11111789.
375 1538 488 1602 Habeo
524 1535 668 1601 eccillam
706 1554 808 1600 meam
846 1537 1024 1620 cluentem,
1061 1539 1246 1600 meretricem
1274 1540 1352 1602 adu-

1147 1652 1347 1711 lesceululam.

279 1750 446 1803 meretricem
465 1748 491 1802 A
511 1742 634 1803 electriob
652 1748 680 1801 B
699 1763 713 1801 e
731 1748 851 1802 lotricem
871 1748 899 1802 0.

171 1843 291 1908 Heaut.
318 1847 390 1906 602.
416 1841 596 1920 ..reliquit
617 1839 715 1916 pilium
738 1837 1006 1905 adulescentulam.

279 2071 349 2124 Rud.
369 2072 403 2125 42
414 2087 452 2137 sq.
473 2071 637 2124 Adulescens
657 2071 763 2137 quidam
783 2071 849 2125 civis
867 2071 947 2124 huius
966 2071 1075 2124 Atticus

267 2161 347 2214 ¹Eam
366 2161 437 2214 vidit
454 2161 494 2214 ire
513 2177 527 2214 e
545 2161 608 2214 ludo
627 2159 728 2213 fidicini
748 2161 863 2214 domum.

281 2251 332 2304 Hic
350 2251 432 2305 verba
451 2251 519 2305 civis
538 2251 647 2306 Atticus
665 2267 712 2320 per
723 2250 916 2317 appositionem
930 2249 1117 2318 adiunguntur
1132 2249 1353 2303 antecedentibus

173 2340 270 2396 verbis.

626 2506 909 2586 3a.ephebus

173 2629 257 2694 Eun.
283 2635 347 2693 823
362 2648 409 2710 sq.
433 2630 542 2694 ..Th
567 2629 648 2711 Quis
672 2628 736 2693 fuit
759 2627 887 2709 igitur?
915 2628 974 2708 Py.
998 2627 1068 2691 Iste
1092 2627 1248 2691 Chaerea.

170 2737 232 2801 Th.
258 2736 321 2818 Qui
346 2736 513 2802 Chaerea?
536 2738 595 2818 Py.
618 2736 687 2801 Iste
711 2734 839 2821 ephebus
853 2733 964 2812 ⁴s‘ralec
987 2733 1178 2798 Phaedriae.

671 2915 701 2981 4'.
719 2914 857 2997 uirgo.

171 3041 262 3105 Trin.
289 3046 362 3104 llo.
388 3041 550 3121 Suamque
565 3042 671 3123 filiam
695 3060 766 3107 esse
790 3041 934 3105 adultam
957 3037 1118 3122 cirpiucm,

172 3147 257 3214 Rud.
283 3153 334 3212 39.
358 3148 445 3212 Huic
460 3148 567 3229 filiola
590 3150 676 3213 ultro
700 3151 787 3232 arpo
812 3147 912 3230 periit
934 3145 1088 3227 parvola:

281 3252 354 3306 ultro
374 3252 451 3320 virgo
472 3250 620 3305 Schacllc'ua
638 3253 716 3321 virgo
735 3253 809 3307 llbrl.

174 3327 235 3393 Aa.
258 3329 324 3391 466
339 3346 385 3407 sq.
410 3324 571 3390 ..Filiam
595 3327 665 3390 eius
689 3327 837 3408 cirpiuam

284 3433 433 3498 Vitiavit.

171 3542 264 3606 Trio.
294 3547 366 3606 113.
391 3540 472 3606 Mihi
498 3540 729 3606 conmendavit
751 3538 899 3618 cirpiuem
922 3543 1050 3623 quotam
1074 3555 1165 3602 suam

172 3649 236 3714 Ad.
264 3655 337 3713 725.
362 3650 471 3714 ..hoc
495 3655 662 3728 peccatum
686 3648 721 3713 in
744 3646 890 3728 cirplucm
916 3656 967 3710 est
990 3645 1087 3710 civem.
1132 3646 1187 3710 Mi.
1213 3644 1294 3711 Soio.

175 3756 258 3820 Eun.
283 3761 345 3820 857
360 3775 407 3835 sq.
437 3758 488 3820 An
514 3755 644 3836 paulum
670 3755 730 3818 hoc
753 3770 828 3820 esse
848 3752 909 3816 tibi
933 3751 1073 3836 videtur,
1098 3753 1248 3836 clrpc'uem

175 3863 304 3928 Vitiare
328 3860 444 3925 ciuem?

283 3968 345 4021 Aul.
368 3969 468 4033 liusq.
490 3966 617 4021 ...Eius
636 3966 713 4034 cupio
731 3964 815 4018 filiam

284 4057 426 4126 Virginem
446 4057 510 4110 mihi
531 4055 702 4124 desponderi:

283 4147 371 4201 Locus
384 4148 436 4201 huo
458 4163 513 4200 nou
534 4147 661 4215 pertinet,
690 4161 748 4199 oum
776 4145 910 4216 carpiucm
928 4159 976 4213 pro
989 4141 1156 4210 appositione
1169 4155 1222 4208 qua
1235 4140 1353 4194 condicio

172 4237 336 4307 exprimitur
356 4236 505 4291 habendam
524 4251 581 4291 esse
600 4235 737 4303 probabile
756 4237 800 4289 sit.

284 4329 363 4382 Mero.
383 4328 436 4381 413
447 4342 485 4395 sq.
506 4342 597 4396 ..ego
617 4342 703 4380 emero
723 4326 803 4379 metri
823 4331 887 4379 tuae
