3060 4876
678 373 901 432 ..40-

204 569 322 635 Pseud.
350 573 465 648 192sq.
490 582 654 646 ..meque
678 575 712 628 ut
736 563 903 644 praedicet
952 616 964 631 .

204 674 332 742 Lonorio
348 694 389 740 ex
404 672 549 738 Ballione
564 690 665 755 repom
689 669 848 736 Josonem.

312 780 458 833 Collocatio
478 778 553 833 verbi
572 778 677 832 lenonis
695 782 807 844 aptatur
825 776 906 831 verbo
925 775 1011 846 repis;
1031 775 1079 829 sed
1097 775 1159 829 vide
1177 791 1203 842 p.
1222 775 1267 830 4⁷.

203 873 322 939 Pseud.
339 877 458 951 410sq.
484 868 587 933 Erum
604 889 715 935 eccum
733 868 828 935 video
844 869 908 933 huc
923 886 1032 933 senem
1044 865 1271 932 Simonemuna
1290 866 1394 933 simul

204 981 285 1046 Cum
309 998 367 1044 suo
391 979 493 1041 olenio
517 975 698 1060 Calliphone
720 976 881 1041 incedere.

313 1101 402 1139 senem
420 1083 565 1137 Muellerus
583 1081 659 1135 Pros.
680 1097 705 1149 p.
725 1083 779 1136 500
807 1080 919 1134 eddidit.
957 1079 1026 1134 Vide
1045 1096 1070 1147 p.
1083 1080 1129 1133 41.
1149 1077 1211 1132 adu.

205 1177 296 1242 'Prin
321 1182 443 1256 875sq.
468 1175 575 1239 Meum
611 1180 744 1258 pnotnm
778 1174 831 1238 hic
867 1172 995 1252 quidem
1029 1168 1232 1234 Lesbonicum
1257 1170 1394 1251 quaerit

1056 1287 1090 1344 et
1113 1279 1247 1341 ominum
1270 1296 1392 1364 meum,

205 1391 292 1474 Quoi
317 1410 377 1473 ego
401 1391 587 1469 liberosque
611 1391 759 1469 bonaque
783 1387 1004 1470 comendavi,
1032 1385 1224 1450 Calliclem.

314 1496 417 1551 Ambae
437 1495 618 1562 appositiones
637 1494 772 1548 inversus
790 1493 943 1562 insignibus
961 1493 1027 1545 locis
1045 1497 1192 1560 ponuntur.

311 1605 333 1670 f.
359 1614 419 1672 not.
443 1627 518 1691 opp.
548 1602 576 1670 l.
608 1612 668 1670 root.
698 1607 792 1688 prim.
824 1602 851 1667 Ι.
880 1610 941 1667 not.
970 1604 1062 1686 prim.
1088 1597 1134 1666 Π.
1159 1606 1223 1667 not.
1247 1620 1320 1686 opp.
1344 1598 1393 1665 11.

207 1713 303 1794 Capt.
329 1720 401 1778 630.
427 1712 614 1778 ..Puerum
639 1719 665 1775 te
689 1711 754 1775 eidi
775 1731 863 1795 puer.

316 1819 506 1886 Appositioncs
524 1818 553 1871 in
572 1818 706 1872 enuntiati
726 1817 803 1870 initio
823 1822 851 1870 et
868 1816 922 1870 fine
939 1815 1044 1884 positae
1062 1820 1134 1868 eunt.

316 1908 356 1961 cf.
376 1907 449 1962 Pers.
460 1908 521 1962 280.
533 1907 642 1961 Servam
656 1923 771 1974 operam,
784 1907 907 1975 linguam
916 1905 1029 1958 liberam
1043 1918 1104 1958 erus
1116 1902 1197 1957 iussit
1209 1903 1269 1958 med
1281 1902 1390 1958 habere·

314 2037 344 2099 g.
369 2025 429 2081 not.
454 2038 528 2100 opp.
564 2015 586 2080 l.
616 2022 675 2079 not.
705 2036 778 2099 opp.
811 2013 858 2079 ΙΙ.
891 2021 951 2080 not.
975 2015 1068 2098 prim.
1092 2012 1139 2076 il.
1164 2021 1225 2079 not.
1246 2010 1389 2097 p'riml.

208 2123 328 2189 Pseud.
355 2129 418 2188 998
429 2142 476 2203 sq.
503 2121 595 2185 Miles
619 2123 725 2185 lenorn'
748 2120 891 2185 Bollioni
913 2121 1086 2202 epistulam

207 2231 435 2311 Conscriptam
460 2231 563 2295 mittit
589 2227 985 2313 Polpmoelooeroplopides,

316 2336 409 2389 Iocose
427 2335 510 2389 verba
529 2335 608 2389 miles
626 2340 654 2389 et
672 2336 728 2389 leno
748 2339 944 2402 componuntur
962 2339 991 2388 et
1009 2333 1143 2402 gravioris
1162 2332 1290 2386 momenti
1307 2346 1390 2385 cauea

210 2426 239 2478 in
258 2425 336 2478 initio
356 2431 501 2492 ponuntur.

314 2517 346 2581 h.
370 2525 431 2580 not.
465 2537 538 2600 opp.
563 2515 589 2580 1.
622 2523 683 2582 nol.
713 2537 786 2601 opp.
811 2514 856 2581 11.
890 2524 950 2580 not.
978 2517 1068 2600 prim.
1092 2512 1119 2579 Ι.
1143 2521 1204 2580 not.
1227 2515 1320 2599 prim.
1348 2510 1394 2577 Π.

211 2623 304 2687 'Prin
329 2630 452 2703 435sq.
476 2622 579 2686 lirum
601 2631 699 2703 atque
723 2642 836 2689 seroom
859 2624 1044 2704 plurumum
1068 2623 1178 2687 Philto
1205 2623 1297 2688 iubet

212 2730 359 2811 Salvere,
384 2728 586 2792 Lesbonicum
612 2737 645 2795 et
667 2728 848 2794 Stasimum.

322 2834 392 2889 Vide
409 2852 436 2902 p.
457 2835 498 2888 48.

317 2945 339 3010 i.
363 2946 521 3010 Maiorem
546 2943 772 3009 difficultatem
797 2946 898 3010 hahet

211 3052 307 3116 Cure.
331 3056 396 3116 429
408 3071 456 3133 sq.
480 3049 571 3115 Miles
595 3049 715 3134 Lpeoni
738 3052 771 3116 in
796 3052 962 3133 Epidauro
986 3055 1105 3134 hospes
1128 3052 1246 3137 hospiti

214 3157 281 3222 Suo
308 3155 601 3242 Therapontipouns
624 3156 852 3243 Ptolopidorns
875 3161 1058 3241 plurumum

213 3263 362 3329 Salutem
388 3264 477 3329 dicit.

322 3370 511 3424 Fleckeisenus
531 3371 631 3440 hospes,
642 3371 712 3438 quod
722 3370 835 3424 inlibris
854 3372 1044 3439 manuscriptis
1071 3388 1127 3426 non
1144 3373 1256 3441 legitur,
1282 3371 1398 3428 addidit.

214 3480 293 3545 Alia
328 3482 476 3561 exempla
523 3481 620 3547 huius
630 3480 660 3565 *)
710 3482 881 3546 verborum
916 3481 1040 3546 ordinis
1072 3489 1134 3546 not.
1166 3503 1240 3567 opp.
1275 3478 1301 3545 1.
1334 3486 1398 3548 nol.

213 3588 308 3669 prim.
331 3584 377 3652 Il.
400 3594 460 3654 not.
487 3609 560 3674 opp.
594 3586 640 3655 Π.
666 3593 727 3654 not.
762 3589 856 3672 prim.
879 3589 907 3652 l.
931 3589 1019 3668 apud
1043 3590 1197 3655 Plautum
1220 3608 1284 3655 non
1309 3594 1396 3654 sunt

215 3693 330 3773 Neque
365 3713 442 3761 vero
477 3696 686 3762 Fleckeiseni
722 3697 910 3762 coniectura
945 3701 1023 3776 apta
1056 3715 1128 3763 esse
1152 3696 1231 3762 mihi
1255 3694 1398 3767 videtur.

279 3940 306 4000 *l
325 3940 416 4007 Neque
436 3956 494 3995 eum
517 3943 646 4012 ordinem,
666 3959 745 4011 quem
757 3944 921 3998 Ritschelius
939 3945 968 3998 in
980 3946 1077 4001 Pseud.
1087 3945 1155 4015 Arg.
1166 3946 1204 4000 ΙΙ.
1216 3947 1231 4000 1
1243 3945 1400 4000 coniectura

324 4031 459 4084 restituit:
481 4030 628 4087 Calidorus
646 4034 812 4088 meretricem
825 4034 981 4089 adulescens
991 4035 1167 4090 Phoenicium
1183 4035 1256 4103 apud
1268 4035 1399 4089 Plautum

326 4120 425 4175 inveni.
445 4121 644 4175 Studemundus
663 4127 767 4192 (apogr.
787 4124 844 4179 eod.
858 4125 893 4189 A)
906 4140 1007 4193 magna
1025 4141 1084 4179 cum
1098 4125 1250 4192 sagacitate
1264 4141 1296 4179 ex
1309 4124 1400 4178 codice

326 4210 505 4264 Ambrosiano
534 4213 582 4265 has
609 4212 717 4267 litteras
749 4214 819 4267 eruit
844 4213 1217 4268 OALIDORUSIVVENISm
1228 4257 1235 4268 .
1246 4257 1253 4270 .
1265 4256 1289 4269 ..
1308 4213 1400 4270 Facile

326 4314 421 4353 uersus
438 4301 479 4353 ita
498 4301 660 4370 completur:
681 4301 821 4357 Calidorus
839 4303 945 4357 iuvenis
963 4302 1101 4356 mulierem
1121 4302 1302 4358 Phoenicium.
