<?xml version="1.0" encoding="UTF-8"?>
<!DOCTYPE html PUBLIC "-//W3C//DTD XHTML 1.0 Transitional//EN"
    "http://www.w3.org/TR/xhtml1/DTD/xhtml1-transitional.dtd">
<html xmlns="http://www.w3.org/1999/xhtml" xml:lang="en" lang="en">
 <head>
  <title>
</title>
<meta http-equiv="Content-Type" content="text/html;charset=utf-8" />
  <meta name='ocr-system' content='tesseract 3.04.00' />
  <meta name='ocr-capabilities' content='ocr_page ocr_carea ocr_par ocr_line ocrx_word'/>
</head>
<body>
  <div class='ocr_page' id='page_1' title='image "./deappositionisa00asmugoog_0041.png"; bbox 0 0 3060 4876; ppageno 0'>
   <div class='ocr_carea' id='block_1_1' title="bbox 735 368 957 428">
    <p class='ocr_par' dir='ltr' id='par_1_1' title="bbox 735 368 957 428">
     <span class='ocr_line' id='line_1_1' title="bbox 735 368 957 428; baseline 0 -19"><span class='ocrx_word' id='word_1_1' title='bbox 735 368 957 428; x_wconf 76' lang='grc'><strong>..36-</strong></span> 
     </span>
    </p>
   </div>
   <div class='ocr_carea' id='block_1_2' title="bbox 363 557 1443 643">
    <p class='ocr_par' dir='ltr' id='par_1_2' title="bbox 363 557 1443 643">
     <span class='ocr_line' id='line_1_2' title="bbox 363 557 1443 643; baseline 0.006 -21"><span class='ocrx_word' id='word_1_2' title='bbox 363 575 392 622; x_wconf 86' lang='grc'>1.</span> <span class='ocrx_word' id='word_1_3' title='bbox 415 557 508 623; x_wconf 87' lang='lat' dir='ltr'>Inter</span> <span class='ocrx_word' id='word_1_4' title='bbox 531 557 675 623; x_wconf 86' lang='lat' dir='ltr'>notionis</span> <span class='ocrx_word' id='word_1_5' title='bbox 698 558 932 641; x_wconf 89' lang='lat' dir='ltr'>primariae</span> <span class='ocrx_word' id='word_1_6' title='bbox 957 566 1068 642; x_wconf 89' lang='lat' dir='ltr'>partes</span> <span class='ocrx_word' id='word_1_7' title='bbox 1085 560 1246 643; x_wconf 89' lang='lat' dir='ltr'>appositio</span> <span class='ocrx_word' id='word_1_8' title='bbox 1262 560 1443 628; x_wconf 75' lang='lat' dir='ltr'>inseriturri</span> 
     </span>
    </p>
   </div>
   <div class='ocr_carea' id='block_1_3' title="bbox 260 664 1277 839">
    <p class='ocr_par' dir='ltr' id='par_1_3' title="bbox 260 664 1277 839">
     <span class='ocr_line' id='line_1_3' title="bbox 260 664 1277 751; baseline 0.001 -21"><span class='ocrx_word' id='word_1_9' title='bbox 260 664 352 748; x_wconf 77' lang='lat' dir='ltr'>Capi.</span> <span class='ocrx_word' id='word_1_10' title='bbox 381 669 475 731; x_wconf 87' lang='grc'><strong>1016.</strong></span> <span class='ocrx_word' id='word_1_11' title='bbox 499 665 707 730; x_wconf 84' lang='lat' dir='ltr'>..adduxtin</span> <span class='ocrx_word' id='word_1_12' title='bbox 731 666 821 730; x_wconf 92' lang='lat' dir='ltr'>illum</span> <span class='ocrx_word' id='word_1_13' title='bbox 846 667 943 733; x_wconf 89' lang='lat' dir='ltr'>huius</span> <span class='ocrx_word' id='word_1_14' title='bbox 967 668 1069 733; x_wconf 91' lang='lat' dir='ltr'>filium</span> <span class='ocrx_word' id='word_1_15' title='bbox 1093 666 1277 751; x_wconf 70' lang='lat' dir='ltr'>captivom?</span> 
     </span>
     <span class='ocr_line' id='line_1_4' title="bbox 365 769 907 839; baseline 0.006 -17"><span class='ocrx_word' id='word_1_16' title='bbox 365 770 392 824; x_wconf 93' lang='lat' dir='ltr'>h.</span> <span class='ocrx_word' id='word_1_17' title='bbox 412 785 434 824; x_wconf 85' lang='grc'>1.</span> <span class='ocrx_word' id='word_1_18' title='bbox 454 769 531 823; x_wconf 92' lang='lat' dir='ltr'>illum</span> <span class='ocrx_word' id='word_1_19' title='bbox 552 771 695 839; x_wconf 81' lang='lat' dir='ltr'>captivom,</span> <span class='ocrx_word' id='word_1_20' title='bbox 715 771 795 824; x_wconf 91' lang='lat' dir='ltr'>huius</span> <span class='ocrx_word' id='word_1_21' title='bbox 814 771 907 826; x_wconf 90' lang='lat' dir='ltr'>filium.</span> 
     </span>
    </p>
   </div>
   <div class='ocr_carea' id='block_1_4' title="bbox 258 861 1440 944">
    <p class='ocr_par' dir='ltr' id='par_1_4' title="bbox 258 861 1440 944">
     <span class='ocr_line' id='line_1_5' title="bbox 258 861 1440 944; baseline 0.004 -18"><span class='ocrx_word' id='word_1_22' title='bbox 258 861 353 944; x_wconf 87' lang='lat' dir='ltr'>Epid.</span> <span class='ocrx_word' id='word_1_23' title='bbox 379 867 453 927; x_wconf 83' lang='lat'><strong>704.</strong></span> <span class='ocrx_word' id='word_1_24' title='bbox 477 862 522 927; x_wconf 84' lang='lat' dir='ltr'>Et</span> <span class='ocrx_word' id='word_1_25' title='bbox 546 880 583 926; x_wconf 92' lang='lat' dir='ltr'>eo</span> <span class='ocrx_word' id='word_1_26' title='bbox 607 870 745 943; x_wconf 84' lang='lat' dir='ltr'>argento</span> <span class='ocrx_word' id='word_1_27' title='bbox 761 863 851 928; x_wconf 91' lang='lat' dir='ltr'>illam</span> <span class='ocrx_word' id='word_1_28' title='bbox 867 882 918 928; x_wconf 93' lang='lat' dir='ltr'>me</span> <span class='ocrx_word' id='word_1_29' title='bbox 931 865 1047 930; x_wconf 82' lang='lat' dir='ltr'>emisse</span> <span class='ocrx_word' id='word_1_30' title='bbox 1064 865 1200 930; x_wconf 84' lang='lat' dir='ltr'>amicam</span> <span class='ocrx_word' id='word_1_31' title='bbox 1215 865 1262 930; x_wconf 93' lang='lat' dir='ltr'>fili</span> <span class='ocrx_word' id='word_1_32' title='bbox 1274 864 1440 931; x_wconf 78' lang='lat' dir='ltr'>fidicinam</span> 
     </span>
    </p>
   </div>
   <div class='ocr_carea' id='block_1_5' title="bbox 343 967 1444 1127">
    <p class='ocr_par' dir='ltr' id='par_1_5' title="bbox 343 967 1444 1127">
     <span class='ocr_line' id='line_1_6' title="bbox 366 967 1444 1037; baseline 0.003 -16"><span class='ocrx_word' id='word_1_33' title='bbox 366 967 407 1021; x_wconf 82' lang='lat' dir='ltr'>Of.</span> <span class='ocrx_word' id='word_1_34' title='bbox 427 967 524 1034; x_wconf 84' lang='lat' dir='ltr'><strong>Amph.</strong></span> <span class='ocrx_word' id='word_1_35' title='bbox 542 968 603 1022; x_wconf 83' lang='grc'><strong>782.</strong></span> <span class='ocrx_word' id='word_1_36' title='bbox 623 968 680 1021; x_wconf 85' lang='lat' dir='ltr'>Aut</span> <span class='ocrx_word' id='word_1_37' title='bbox 698 968 743 1034; x_wconf 92' lang='lat' dir='ltr'>pol</span> <span class='ocrx_word' id='word_1_38' title='bbox 762 968 828 1022; x_wconf 87' lang='lat' dir='ltr'>haee</span> <span class='ocrx_word' id='word_1_39' title='bbox 845 969 1054 1037; x_wconf 83' lang='lat' dir='ltr'>praestigiatrix</span> <span class='ocrx_word' id='word_1_40' title='bbox 1073 970 1158 1024; x_wconf 88' lang='lat' dir='ltr'>multo</span> <span class='ocrx_word' id='word_1_41' title='bbox 1177 970 1273 1024; x_wconf 89' lang='lat' dir='ltr'>mulier</span> <span class='ocrx_word' id='word_1_42' title='bbox 1285 976 1444 1024; x_wconf 81' lang='lat' dir='ltr'>maxumast</span> 
     </span>
     <span class='ocr_line' id='line_1_7' title="bbox 343 1050 1168 1127; baseline 0.002 -17"><span class='ocrx_word' id='word_1_43' title='bbox 343 1058 391 1121; x_wconf 74' lang='lat' dir='ltr'>,h.</span> <span class='ocrx_word' id='word_1_44' title='bbox 412 1073 434 1111; x_wconf 91' lang='grc'>1.</span> <span class='ocrx_word' id='word_1_45' title='bbox 454 1057 520 1110; x_wconf 84' lang='lat' dir='ltr'>haec</span> <span class='ocrx_word' id='word_1_46' title='bbox 539 1057 635 1111; x_wconf 91' lang='lat' dir='ltr'>mulier</span> <span class='ocrx_word' id='word_1_47' title='bbox 653 1057 739 1111; x_wconf 91' lang='lat' dir='ltr'>multo</span> <span class='ocrx_word' id='word_1_48' title='bbox 758 1058 877 1111; x_wconf 84' lang='lat' dir='ltr'>maxima</span> <span class='ocrx_word' id='word_1_49' title='bbox 895 1050 1100 1127; x_wconf 71' lang='lat' dir='ltr'>praestigiatrin</span> <span class='ocrx_word' id='word_1_50' title='bbox 1118 1065 1168 1113; x_wconf 90' lang='lat' dir='ltr'>est.</span> 
     </span>
    </p>
   </div>
   <div class='ocr_carea' id='block_1_6' title="bbox 258 1147 1427 1233">
    <p class='ocr_par' dir='ltr' id='par_1_6' title="bbox 258 1147 1427 1233">
     <span class='ocr_line' id='line_1_8' title="bbox 258 1147 1427 1233; baseline -0.002 -19"><span class='ocrx_word' id='word_1_51' title='bbox 258 1149 326 1214; x_wconf 86' lang='lat' dir='ltr'>Mil.</span> <span class='ocrx_word' id='word_1_52' title='bbox 351 1154 424 1212; x_wconf 85' lang='grc'><strong>550.</strong></span> <span class='ocrx_word' id='word_1_53' title='bbox 450 1147 534 1230; x_wconf 78' lang='lat' dir='ltr'>Quoi</span> <span class='ocrx_word' id='word_1_54' title='bbox 558 1167 609 1214; x_wconf 87' lang='lat' dir='ltr'>me</span> <span class='ocrx_word' id='word_1_55' title='bbox 634 1149 798 1214; x_wconf 85' lang='lat' dir='ltr'>custodem</span> <span class='ocrx_word' id='word_1_56' title='bbox 824 1168 900 1214; x_wconf 92' lang='lat' dir='ltr'>erus</span> <span class='ocrx_word' id='word_1_57' title='bbox 923 1150 1051 1214; x_wconf 87' lang='lat' dir='ltr'>addidit</span> <span class='ocrx_word' id='word_1_58' title='bbox 1073 1151 1167 1215; x_wconf 86' lang='lat' dir='ltr'>miles</span> <span class='ocrx_word' id='word_1_59' title='bbox 1190 1148 1326 1233; x_wconf 82' lang='lat' dir='ltr'>meus.*)</span> <span class='ocrx_word' id='word_1_60' title='bbox 1425 1186 1427 1190; x_wconf 94' lang='lat'>-</span> 
     </span>
    </p>
   </div>
   <div class='ocr_carea' id='block_1_7' title="bbox 257 1272 1440 1862">
    <p class='ocr_par' dir='ltr' id='par_1_7' title="bbox 257 1272 1440 1862">
     <span class='ocr_line' id='line_1_9' title="bbox 359 1272 1440 1358; baseline 0.002 -19"><span class='ocrx_word' id='word_1_61' title='bbox 359 1275 389 1339; x_wconf 91' lang='lat' dir='ltr'>b.</span> <span class='ocrx_word' id='word_1_62' title='bbox 437 1272 529 1339; x_wconf 88' lang='lat' dir='ltr'>Inter</span> <span class='ocrx_word' id='word_1_63' title='bbox 567 1273 710 1339; x_wconf 91' lang='lat' dir='ltr'>notionis</span> <span class='ocrx_word' id='word_1_64' title='bbox 749 1275 980 1356; x_wconf 89' lang='lat' dir='ltr'>appositae</span> <span class='ocrx_word' id='word_1_65' title='bbox 1026 1282 1137 1357; x_wconf 88' lang='lat' dir='ltr'>partes</span> <span class='ocrx_word' id='word_1_66' title='bbox 1176 1295 1240 1341; x_wconf 85' lang='lat' dir='ltr'>vox</span> <span class='ocrx_word' id='word_1_67' title='bbox 1280 1276 1440 1358; x_wconf 86' lang='lat' dir='ltr'>primaria</span> 
     </span>
     <span class='ocr_line' id='line_1_10' title="bbox 258 1381 433 1446; baseline -0.006 0"><span class='ocrx_word' id='word_1_68' title='bbox 258 1381 433 1446; x_wconf 89' lang='lat' dir='ltr'>inseritur:</span> 
     </span>
     <span class='ocr_line' id='line_1_11' title="bbox 257 1487 1438 1574; baseline 0 -19"><span class='ocrx_word' id='word_1_69' title='bbox 257 1489 328 1555; x_wconf 77' lang='lat' dir='ltr'>(las,</span> <span class='ocrx_word' id='word_1_70' title='bbox 354 1495 427 1553; x_wconf 84' lang='grc'><strong>238.</strong></span> <span class='ocrx_word' id='word_1_71' title='bbox 450 1487 496 1554; x_wconf 86' lang='grc'>111</span> <span class='ocrx_word' id='word_1_72' title='bbox 519 1493 553 1552; x_wconf 88' lang='grc'>11</span> <span class='ocrx_word' id='word_1_73' title='bbox 576 1489 681 1552; x_wconf 76' lang='lat' dir='ltr'>bontas</span> <span class='ocrx_word' id='word_1_74' title='bbox 706 1488 887 1553; x_wconf 85' lang='lat' dir='ltr'>ilerourius</span> <span class='ocrx_word' id='word_1_75' title='bbox 912 1488 1026 1569; x_wconf 86' lang='lat' dir='ltr'>perdat</span> <span class='ocrx_word' id='word_1_76' title='bbox 1052 1489 1230 1574; x_wconf 86' lang='lat' dir='ltr'>myropola‚</span> <span class='ocrx_word' id='word_1_77' title='bbox 1256 1490 1331 1570; x_wconf 86' lang='lat' dir='ltr'>quia</span> <span class='ocrx_word' id='word_1_78' title='bbox 1354 1490 1438 1556; x_wconf 85' lang='lat' dir='ltr'>haee</span> 
     </span>
     <span class='ocr_line' id='line_1_12' title="bbox 1201 1597 1435 1664; baseline 0.004 -2"><span class='ocrx_word' id='word_1_79' title='bbox 1201 1597 1280 1662; x_wconf 91' lang='lat' dir='ltr'>mihi</span> <span class='ocrx_word' id='word_1_80' title='bbox 1305 1598 1435 1664; x_wconf 89' lang='lat' dir='ltr'>dedisti.</span> 
     </span>
     <span class='ocr_line' id='line_1_13' title="bbox 258 1701 993 1784; baseline -0.003 -16"><span class='ocrx_word' id='word_1_81' title='bbox 258 1704 328 1769; x_wconf 83' lang='lat' dir='ltr'>Cas.</span> <span class='ocrx_word' id='word_1_82' title='bbox 355 1708 429 1768; x_wconf 83' lang='lat'><strong>646.</strong></span> <span class='ocrx_word' id='word_1_83' title='bbox 453 1701 587 1784; x_wconf 78' lang='lat' dir='ltr'>..Quid</span> <span class='ocrx_word' id='word_1_84' title='bbox 611 1703 672 1782; x_wconf 80' lang='lat' dir='ltr'>vis,</span> <span class='ocrx_word' id='word_1_85' title='bbox 696 1721 768 1767; x_wconf 89' lang='lat' dir='ltr'>mea</span> <span class='ocrx_word' id='word_1_86' title='bbox 791 1709 828 1767; x_wconf 93' lang='lat' dir='ltr'>tu</span> <span class='ocrx_word' id='word_1_87' title='bbox 853 1701 993 1767; x_wconf 73' lang='lat' dir='ltr'>aneilla?</span> 
     </span>
     <span class='ocr_line' id='line_1_14' title="bbox 364 1807 948 1862; baseline 0 -1"><span class='ocrx_word' id='word_1_88' title='bbox 364 1807 650 1862; x_wconf 82' lang='lat' dir='ltr'><strong>MEATVANCILLA</strong></span> <span class='ocrx_word' id='word_1_89' title='bbox 671 1809 697 1860; x_wconf 89' lang='lat' dir='ltr'><strong><em>A</em></strong></span> <span class='ocrx_word' id='word_1_90' title='bbox 716 1823 776 1860; x_wconf 89' lang='lat' dir='ltr'>mea</span> <span class='ocrx_word' id='word_1_91' title='bbox 795 1807 894 1861; x_wconf 88' lang='lat' dir='ltr'>ancilla</span> <span class='ocrx_word' id='word_1_92' title='bbox 913 1807 948 1862; x_wconf 91' lang='lat' dir='ltr'>B.</span> 
     </span>
    </p>
   </div>
   <div class='ocr_carea' id='block_1_8' title="bbox 166 1900 1439 3394">
    <p class='ocr_par' dir='ltr' id='par_1_8' title="bbox 166 1880 1439 3394">
     <span class='ocr_line' id='line_1_15' title="bbox 256 1900 817 1967; baseline -0.004 -1"><span class='ocrx_word' id='word_1_93' title='bbox 256 1900 339 1967; x_wconf 89' lang='lat' dir='ltr'>Rud.</span> <span class='ocrx_word' id='word_1_94' title='bbox 362 1905 493 1965; x_wconf 83' lang='lat'><strong>463.</strong></span> <span class='ocrx_word' id='word_1_95' title='bbox 510 1918 582 1964; x_wconf 92' lang='lat' dir='ltr'>mea</span> <span class='ocrx_word' id='word_1_96' title='bbox 605 1905 641 1963; x_wconf 86' lang='lat' dir='ltr'>tu</span> <span class='ocrx_word' id='word_1_97' title='bbox 667 1900 817 1964; x_wconf 85' lang='lat' dir='ltr'>helliata:</span> 
     </span>
     <span class='ocr_line' id='line_1_16' title="bbox 257 2006 884 2089; baseline -0.005 -15"><span class='ocrx_word' id='word_1_98' title='bbox 257 2009 355 2074; x_wconf 85' lang='lat' dir='ltr'>Mero.</span> <span class='ocrx_word' id='word_1_99' title='bbox 380 2012 454 2071; x_wconf 83' lang='grc'><strong>834.</strong></span> <span class='ocrx_word' id='word_1_100' title='bbox 481 2006 667 2072; x_wconf 87' lang='lat' dir='ltr'>..familiai</span> <span class='ocrx_word' id='word_1_101' title='bbox 691 2007 758 2071; x_wconf 87' lang='lat' dir='ltr'>Lar</span> <span class='ocrx_word' id='word_1_102' title='bbox 781 2013 884 2089; x_wconf 85' lang='lat' dir='ltr'>pater.</span> 
     </span>
     <span class='ocr_line' id='line_1_17' title="bbox 256 2113 1180 2182; baseline -0.006 0"><span class='ocrx_word' id='word_1_103' title='bbox 256 2115 340 2182; x_wconf 89' lang='lat' dir='ltr'>Rud.</span> <span class='ocrx_word' id='word_1_104' title='bbox 366 2119 439 2180; x_wconf 85' lang='grc'><strong>544.</strong></span> <span class='ocrx_word' id='word_1_105' title='bbox 464 2116 579 2180; x_wconf 81' lang='lat' dir='ltr'>Totam</span> <span class='ocrx_word' id='word_1_106' title='bbox 605 2114 749 2179; x_wconf 79' lang='lat' dir='ltr'>Siciliam</span> <span class='ocrx_word' id='word_1_107' title='bbox 775 2113 1007 2179; x_wconf 86' lang='lat' dir='ltr'>devoraturum</span> <span class='ocrx_word' id='word_1_108' title='bbox 1031 2114 1180 2180; x_wconf 91' lang='lat' dir='ltr'>insulam.</span> 
     </span>
     <span class='ocr_line' id='line_1_18' title="bbox 256 2221 1272 2311; baseline -0.006 -22"><span class='ocrx_word' id='word_1_109' title='bbox 256 2224 356 2311; x_wconf 80' lang='lat' dir='ltr'>Stich.</span> <span class='ocrx_word' id='word_1_110' title='bbox 383 2228 454 2288; x_wconf 90' lang='grc'><strong>161.</strong></span> <span class='ocrx_word' id='word_1_111' title='bbox 479 2224 589 2302; x_wconf 85' lang='lat' dir='ltr'>Atque</span> <span class='ocrx_word' id='word_1_112' title='bbox 613 2223 670 2287; x_wconf 90' lang='lat' dir='ltr'>illa</span> <span class='ocrx_word' id='word_1_113' title='bbox 695 2240 828 2304; x_wconf 86' lang='lat' dir='ltr'>puerum</span> <span class='ocrx_word' id='word_1_114' title='bbox 854 2240 904 2286; x_wconf 90' lang='lat' dir='ltr'>me</span> <span class='ocrx_word' id='word_1_115' title='bbox 928 2223 1072 2303; x_wconf 82' lang='lat' dir='ltr'>gestavit</span> <span class='ocrx_word' id='word_1_116' title='bbox 1095 2221 1272 2302; x_wconf 89' lang='lat' dir='ltr'>parvolum,</span> 
     </span>
     <span class='ocr_line' id='line_1_19' title="bbox 255 2327 1431 2412; baseline -0.005 -17"><span class='ocrx_word' id='word_1_117' title='bbox 255 2330 322 2395; x_wconf 87' lang='lat' dir='ltr'>Mil.</span> <span class='ocrx_word' id='word_1_118' title='bbox 349 2329 643 2412; x_wconf 61' lang='lat' dir='ltr'>manipulatim</span> <span class='ocrx_word' id='word_1_119' title='bbox 667 2348 727 2412; x_wconf 84' lang='lat' dir='ltr'>ego</span> <span class='ocrx_word' id='word_1_120' title='bbox 753 2329 867 2411; x_wconf 88' lang='lat' dir='ltr'>dioam,</span> <span class='ocrx_word' id='word_1_121' title='bbox 893 2330 979 2410; x_wconf 91' lang='lat' dir='ltr'>quod</span> <span class='ocrx_word' id='word_1_122' title='bbox 1004 2348 1114 2394; x_wconf 91' lang='lat' dir='ltr'>omnes</span> <span class='ocrx_word' id='word_1_123' title='bbox 1138 2327 1291 2394; x_wconf 86' lang='lat' dir='ltr'>mortales</span> <span class='ocrx_word' id='word_1_124' title='bbox 1311 2327 1431 2408; x_wconf 74' lang='lat' dir='ltr'>sciunt,</span> 
     </span>
     <span class='ocr_line' id='line_1_20' title="bbox 255 2437 1024 2521; baseline -0.003 -19"><span class='ocrx_word' id='word_1_125' title='bbox 255 2437 537 2521; x_wconf 81' lang='lat' dir='ltr'>Pyrgopoliuioem</span> <span class='ocrx_word' id='word_1_126' title='bbox 563 2445 596 2502; x_wconf 87' lang='lat' dir='ltr'>te</span> <span class='ocrx_word' id='word_1_127' title='bbox 620 2456 718 2502; x_wconf 92' lang='lat' dir='ltr'>unum</span> <span class='ocrx_word' id='word_1_128' title='bbox 742 2437 775 2501; x_wconf 95' lang='lat' dir='ltr'>in</span> <span class='ocrx_word' id='word_1_129' title='bbox 800 2444 890 2502; x_wconf 87' lang='lat' dir='ltr'>terra</span> <span class='ocrx_word' id='word_1_130' title='bbox 913 2437 1024 2503; x_wconf 86' lang='lat' dir='ltr'>vivere</span> 
     </span>
     <span class='ocr_line' id='line_1_21' title="bbox 256 2543 1061 2633; baseline -0.005 -22"><span class='ocrx_word' id='word_1_131' title='bbox 256 2546 389 2611; x_wconf 81' lang='lat' dir='ltr'>Virtute</span> <span class='ocrx_word' id='word_1_132' title='bbox 413 2552 446 2610; x_wconf 91' lang='lat' dir='ltr'>et</span> <span class='ocrx_word' id='word_1_133' title='bbox 471 2543 574 2633; x_wconf 87' lang='lat' dir='ltr'>forma</span> <span class='ocrx_word' id='word_1_134' title='bbox 599 2554 632 2611; x_wconf 88' lang='lat' dir='ltr'>et</span> <span class='ocrx_word' id='word_1_135' title='bbox 656 2544 754 2610; x_wconf 82' lang='lat' dir='ltr'>factis</span> <span class='ocrx_word' id='word_1_136' title='bbox 778 2543 1061 2609; x_wconf 82' lang='lat' dir='ltr'>inviotissumum?</span> 
     </span>
     <span class='ocr_line' id='line_1_22' title="bbox 256 2650 1140 2733; baseline -0.007 -15"><span class='ocrx_word' id='word_1_137' title='bbox 256 2653 326 2718; x_wconf 89' lang='lat' dir='ltr'>Mil.</span> <span class='ocrx_word' id='word_1_138' title='bbox 353 2657 451 2716; x_wconf 88' lang='grc'><strong>1210.</strong></span> <span class='ocrx_word' id='word_1_139' title='bbox 477 2653 602 2733; x_wconf 91' lang='lat' dir='ltr'>..quia</span> <span class='ocrx_word' id='word_1_140' title='bbox 627 2672 682 2718; x_wconf 88' lang='lat' dir='ltr'>ero</span> <span class='ocrx_word' id='word_1_141' title='bbox 706 2660 739 2718; x_wconf 91' lang='lat' dir='ltr'>te</span> <span class='ocrx_word' id='word_1_142' title='bbox 763 2650 971 2716; x_wconf 85' lang='lat' dir='ltr'>carendumst</span> <span class='ocrx_word' id='word_1_143' title='bbox 995 2655 1140 2730; x_wconf 89' lang='lat' dir='ltr'>optumo,</span> 
     </span>
     <span class='ocr_line' id='line_1_23' title="bbox 166 2754 1209 2849; baseline -0.01 -23"><span class='ocrx_word' id='word_1_144' title='bbox 166 2844 169 2849; x_wconf 11' lang='grc' dir='ltr'><strong><em>ἢ</em></strong></span> <span class='ocrx_word' id='word_1_145' title='bbox 255 2760 318 2826; x_wconf 87' lang='lat' dir='ltr'>Ad.</span> <span class='ocrx_word' id='word_1_146' title='bbox 344 2765 371 2824; x_wconf 84' lang='lat'>7.</span> <span class='ocrx_word' id='word_1_147' title='bbox 396 2759 477 2823; x_wconf 85' lang='lat' dir='ltr'>Eam</span> <span class='ocrx_word' id='word_1_148' title='bbox 503 2758 759 2824; x_wconf 81' lang='lat' dir='ltr'>Commorientes</span> <span class='ocrx_word' id='word_1_149' title='bbox 784 2759 924 2822; x_wconf 87' lang='lat' dir='ltr'>Plautus</span> <span class='ocrx_word' id='word_1_150' title='bbox 948 2756 1029 2820; x_wconf 85' lang='lat' dir='ltr'>leoit</span> <span class='ocrx_word' id='word_1_151' title='bbox 1053 2754 1209 2819; x_wconf 87' lang='lat' dir='ltr'>fabulam.</span> 
     </span>
     <span class='ocr_line' id='line_1_24' title="bbox 255 2861 1189 2947; baseline -0.006 -16"><span class='ocrx_word' id='word_1_152' title='bbox 255 2867 339 2932; x_wconf 86' lang='lat' dir='ltr'>Eun.</span> <span class='ocrx_word' id='word_1_153' title='bbox 365 2873 487 2947; x_wconf 78' lang='lat' dir='ltr'>228sq.</span> <span class='ocrx_word' id='word_1_154' title='bbox 512 2866 614 2931; x_wconf 90' lang='lat' dir='ltr'>..hio</span> <span class='ocrx_word' id='word_1_155' title='bbox 637 2866 765 2947; x_wconf 89' lang='lat' dir='ltr'>quidem</span> <span class='ocrx_word' id='word_1_156' title='bbox 791 2869 842 2929; x_wconf 89' lang='lat' dir='ltr'>est</span> <span class='ocrx_word' id='word_1_157' title='bbox 866 2862 1032 2946; x_wconf 85' lang='lat' dir='ltr'>parasitus</span> <span class='ocrx_word' id='word_1_158' title='bbox 1057 2861 1189 2928; x_wconf 79' lang='lat' dir='ltr'>Gnatho</span> 
     </span>
     <span class='ocr_line' id='line_1_25' title="bbox 256 2972 452 3056; baseline 0 -18"><span class='ocrx_word' id='word_1_159' title='bbox 256 2972 452 3056; x_wconf 88' lang='lat' dir='ltr'>Militis:**)</span> 
     </span>
     <span class='ocr_line' id='line_1_26' title="bbox 369 3095 1438 3181; baseline -0.003 -18"><span class='ocrx_word' id='word_1_160' title='bbox 369 3098 787 3181; x_wconf 86' lang='lat' dir='ltr'>Pronomenpossessivum,</span> <span class='ocrx_word' id='word_1_161' title='bbox 799 3097 883 3178; x_wconf 89' lang='lat' dir='ltr'>quod</span> <span class='ocrx_word' id='word_1_162' title='bbox 893 3098 935 3161; x_wconf 90' lang='lat' dir='ltr'>ad</span> <span class='ocrx_word' id='word_1_163' title='bbox 946 3096 1183 3179; x_wconf 90' lang='lat' dir='ltr'>appositionem</span> <span class='ocrx_word' id='word_1_164' title='bbox 1195 3095 1346 3178; x_wconf 77' lang='lat' dir='ltr'>pertinet,</span> <span class='ocrx_word' id='word_1_165' title='bbox 1360 3115 1438 3160; x_wconf 88' lang='lat' dir='ltr'>oum</span> 
     </span>
     <span class='ocr_line' id='line_1_27' title="bbox 256 3204 952 3288; baseline -0.003 -18"><span class='ocrx_word' id='word_1_166' title='bbox 256 3206 385 3271; x_wconf 90' lang='lat' dir='ltr'>nomine</span> <span class='ocrx_word' id='word_1_167' title='bbox 409 3206 539 3288; x_wconf 89' lang='lat' dir='ltr'>proprio</span> <span class='ocrx_word' id='word_1_168' title='bbox 565 3205 696 3286; x_wconf 89' lang='lat' dir='ltr'>ponitur</span> <span class='ocrx_word' id='word_1_169' title='bbox 720 3205 753 3269; x_wconf 91' lang='lat' dir='ltr'>in</span> <span class='ocrx_word' id='word_1_170' title='bbox 778 3205 828 3269; x_wconf 91' lang='lat' dir='ltr'>his</span> <span class='ocrx_word' id='word_1_171' title='bbox 851 3204 952 3270; x_wconf 84' lang='lat' dir='ltr'>locis:</span> 
     </span>
     <span class='ocr_line' id='line_1_28' title="bbox 362 3309 1439 3394; baseline -0.002 -20"><span class='ocrx_word' id='word_1_172' title='bbox 362 3315 395 3393; x_wconf 79' lang='lat' dir='ltr'>a)</span> <span class='ocrx_word' id='word_1_173' title='bbox 420 3313 529 3378; x_wconf 88' lang='lat' dir='ltr'>Verba</span> <span class='ocrx_word' id='word_1_174' title='bbox 553 3319 719 3394; x_wconf 89' lang='lat' dir='ltr'>ponuntur</span> <span class='ocrx_word' id='word_1_175' title='bbox 742 3313 802 3377; x_wconf 92' lang='lat' dir='ltr'>hoo</span> <span class='ocrx_word' id='word_1_176' title='bbox 827 3312 956 3377; x_wconf 90' lang='lat' dir='ltr'>ordine:</span> <span class='ocrx_word' id='word_1_177' title='bbox 985 3317 1040 3375; x_wconf 81' lang='lat' dir='ltr'>tao</span> <span class='ocrx_word' id='word_1_178' title='bbox 1065 3309 1197 3374; x_wconf 80' lang='lat' dir='ltr'>Bromia</span> <span class='ocrx_word' id='word_1_179' title='bbox 1223 3309 1439 3394; x_wconf 80' lang='lat' dir='ltr'>ancillo.***)-</span> 
     </span>
    </p>
   </div>
   <div class='ocr_carea' id='block_1_9' title="bbox 257 3515 470 3531">
    <p class='ocr_par' dir='ltr' id='par_1_9' title="bbox 257 3515 470 3531">
     <span class='ocr_line' id='line_1_29' title="bbox 257 3515 470 3531; baseline 0 -9"><span class='ocrx_word' id='word_1_180' title='bbox 257 3515 470 3531; x_wconf 38' lang='grc' dir='ltr'><em>κ’...-</em></span> 
     </span>
    </p>
   </div>
   <div class='ocr_carea' id='block_1_10' title="bbox 297 3631 1442 3876">
    <p class='ocr_par' dir='ltr' id='par_1_10' title="bbox 297 3631 1442 3876">
     <span class='ocr_line' id='line_1_30' title="bbox 316 3631 331 3665; baseline 0 0"><span class='ocrx_word' id='word_1_181' title='bbox 316 3631 331 3665; x_wconf 78' lang='lat' dir='ltr'>¹l¹</span> 
     </span>
     <span class='ocr_line' id='line_1_31' title="bbox 297 3632 1432 3792; baseline -0.005 -16"><span class='ocrx_word' id='word_1_182' title='bbox 297 3637 342 3788; x_wconf 74' lang='lat'>**))</span> <span class='ocrx_word' id='word_1_183' title='bbox 359 3633 442 3791; x_wconf 51' lang='grc' dir='ltr'><strong>ἓξὲξ.</strong></span> <span class='ocrx_word' id='word_1_184' title='bbox 456 3632 504 3776; x_wconf 59' lang='grc'><strong>111.</strong></span> <span class='ocrx_word' id='word_1_185' title='bbox 514 3632 637 3792; x_wconf 34' lang='grc'>11612117).</span> <span class='ocrx_word' id='word_1_186' title='bbox 649 3722 693 3775; x_wconf 91' lang='grc'>25.</span> <span class='ocrx_word' id='word_1_187' title='bbox 706 3721 754 3775; x_wconf 87' lang='lat' dir='ltr'>IV.</span> <span class='ocrx_word' id='word_1_188' title='bbox 769 3723 812 3774; x_wconf 89' lang='grc'>22.</span> <span class='ocrx_word' id='word_1_189' title='bbox 823 3720 867 3774; x_wconf 90' lang='grc'>24.</span> <span class='ocrx_word' id='word_1_190' title='bbox 880 3720 914 3774; x_wconf 88' lang='lat' dir='ltr'>V.</span> <span class='ocrx_word' id='word_1_191' title='bbox 927 3722 952 3772; x_wconf 92' lang='lat'>6.</span> <span class='ocrx_word' id='word_1_192' title='bbox 965 3720 1001 3773; x_wconf 82' lang='grc'>43</span> <span class='ocrx_word' id='word_1_193' title='bbox 1024 3719 1172 3786; x_wconf 86' lang='lat' dir='ltr'>(murorum</span> <span class='ocrx_word' id='word_1_194' title='bbox 1184 3716 1314 3771; x_wconf 88' lang='lat' dir='ltr'>Romulus</span> <span class='ocrx_word' id='word_1_195' title='bbox 1325 3721 1432 3786; x_wconf 84' lang='lat' dir='ltr'>augur).</span> 
     </span>
     <span class='ocr_line' id='line_1_32' title="bbox 365 3805 1442 3876; baseline -0.005 -10"><span class='ocrx_word' id='word_1_196' title='bbox 365 3812 398 3866; x_wconf 88' lang='lat' dir='ltr'>V.</span> <span class='ocrx_word' id='word_1_197' title='bbox 418 3812 444 3866; x_wconf 93' lang='lat'>8.</span> <span class='ocrx_word' id='word_1_198' title='bbox 463 3813 506 3865; x_wconf 91' lang='grc'>24.</span> <span class='ocrx_word' id='word_1_199' title='bbox 526 3811 559 3865; x_wconf 86' lang='lat' dir='ltr'>V.</span> <span class='ocrx_word' id='word_1_200' title='bbox 579 3811 605 3866; x_wconf 88' lang='lat'>9.</span> <span class='ocrx_word' id='word_1_201' title='bbox 624 3812 649 3866; x_wconf 83' lang='lat'>3.</span> <span class='ocrx_word' id='word_1_202' title='bbox 669 3810 728 3864; x_wconf 84' lang='lat' dir='ltr'>Tib.</span> <span class='ocrx_word' id='word_1_203' title='bbox 748 3809 796 3864; x_wconf 92' lang='lat' dir='ltr'>IV.</span> <span class='ocrx_word' id='word_1_204' title='bbox 816 3810 841 3863; x_wconf 86' lang='lat'>2.</span> <span class='ocrx_word' id='word_1_205' title='bbox 862 3811 904 3864; x_wconf 87' lang='lat'>18.</span> <span class='ocrx_word' id='word_1_206' title='bbox 923 3808 1002 3876; x_wconf 86' lang='lat' dir='ltr'>Soph.</span> <span class='ocrx_word' id='word_1_207' title='bbox 1021 3808 1064 3862; x_wconf 88' lang='lat' dir='ltr'>Ai.</span> <span class='ocrx_word' id='word_1_208' title='bbox 1084 3809 1145 3862; x_wconf 84' lang='lat'><strong>817.</strong></span> <span class='ocrx_word' id='word_1_209' title='bbox 1165 3807 1219 3862; x_wconf 81' lang='lat' dir='ltr'>Cio.</span> <span class='ocrx_word' id='word_1_210' title='bbox 1238 3807 1318 3862; x_wconf 84' lang='lat' dir='ltr'>Tusa.</span> <span class='ocrx_word' id='word_1_211' title='bbox 1328 3805 1360 3860; x_wconf 92' lang='lat' dir='ltr'>V.</span> <span class='ocrx_word' id='word_1_212' title='bbox 1371 3809 1396 3860; x_wconf 93' lang='grc'>2.</span> <span class='ocrx_word' id='word_1_213' title='bbox 1416 3807 1442 3861; x_wconf 87' lang='grc'><strong>5</strong></span> 
     </span>
    </p>
   </div>
   <div class='ocr_carea' id='block_1_11' title="bbox 286 3899 1444 4422">
    <p class='ocr_par' dir='ltr' id='par_1_11' title="bbox 364 3899 768 3969">
     <span class='ocr_line' id='line_1_33' title="bbox 364 3899 768 3969; baseline -0.005 -13"><span class='ocrx_word' id='word_1_214' title='bbox 364 3901 397 3968; x_wconf 86' lang='grc' dir='ltr'>(Ο</span> <span class='ocrx_word' id='word_1_215' title='bbox 415 3902 490 3955; x_wconf 86' lang='lat' dir='ltr'>vitae</span> <span class='ocrx_word' id='word_1_216' title='bbox 507 3900 675 3969; x_wconf 85' lang='lat' dir='ltr'>philosophia</span> <span class='ocrx_word' id='word_1_217' title='bbox 694 3899 768 3964; x_wconf 85' lang='grc'><strong>(11111).</strong></span> 
     </span>
    </p>

    <p class='ocr_par' dir='ltr' id='par_1_12' title="bbox 286 4003 1444 4422">
     <span class='ocr_line' id='line_1_34' title="bbox 286 4003 1442 4075; baseline -0.006 -13"><span class='ocrx_word' id='word_1_218' title='bbox 286 4007 343 4073; x_wconf 77' lang='grc'>***)</span> <span class='ocrx_word' id='word_1_219' title='bbox 364 4008 461 4063; x_wconf 84' lang='lat' dir='ltr'>Confer</span> <span class='ocrx_word' id='word_1_220' title='bbox 480 4008 564 4063; x_wconf 86' lang='lat' dir='ltr'>Brixii</span> <span class='ocrx_word' id='word_1_221' title='bbox 584 4007 785 4061; x_wconf 88' lang='lat' dir='ltr'>adnotationem</span> <span class='ocrx_word' id='word_1_222' title='bbox 815 4006 952 4074; x_wconf 74' lang='lat' dir='ltr'>aad-Caph.</span> <span class='ocrx_word' id='word_1_223' title='bbox 978 4007 1038 4062; x_wconf 83' lang='grc'><strong>875.</strong></span> <span class='ocrx_word' id='word_1_224' title='bbox 1066 4012 1095 4062; x_wconf 87' lang='grc'>11</span> <span class='ocrx_word' id='word_1_225' title='bbox 1122 4005 1244 4075; x_wconf 80' lang='lat' dir='ltr'>Ussingii</span> <span class='ocrx_word' id='word_1_226' title='bbox 1270 4004 1305 4058; x_wconf 91' lang='lat' dir='ltr'>ad</span> <span class='ocrx_word' id='word_1_227' title='bbox 1333 4003 1442 4071; x_wconf 50' lang='lat' dir='ltr'>Amph..</span> 
     </span>
     <span class='ocr_line' id='line_1_35' title="bbox 366 4091 1432 4166; baseline -0.008 -14"><span class='ocrx_word' id='word_1_228' title='bbox 366 4098 449 4166; x_wconf 86' lang='lat'>1093;</span> <span class='ocrx_word' id='word_1_229' title='bbox 469 4097 622 4165; x_wconf 83' lang='lat' dir='ltr'>Madvigius</span> <span class='ocrx_word' id='word_1_230' title='bbox 642 4096 743 4165; x_wconf 79' lang='lat' dir='ltr'>(opusc.</span> <span class='ocrx_word' id='word_1_231' title='bbox 762 4097 784 4152; x_wconf 92' lang='grc' dir='ltr'>Ι.</span> <span class='ocrx_word' id='word_1_232' title='bbox 804 4113 829 4164; x_wconf 89' lang='lat' dir='ltr'>p.</span> <span class='ocrx_word' id='word_1_233' title='bbox 851 4097 915 4164; x_wconf 84' lang='lat'>170)</span> <span class='ocrx_word' id='word_1_234' title='bbox 934 4112 967 4150; x_wconf 86' lang='lat' dir='ltr'>ex</span> <span class='ocrx_word' id='word_1_235' title='bbox 986 4096 1113 4151; x_wconf 77' lang='lat' dir='ltr'>Cicerone</span> <span class='ocrx_word' id='word_1_236' title='bbox 1125 4096 1191 4148; x_wconf 86' lang='lat' dir='ltr'>haec</span> <span class='ocrx_word' id='word_1_237' title='bbox 1204 4092 1325 4160; x_wconf 83' lang='lat' dir='ltr'>exempla</span> <span class='ocrx_word' id='word_1_238' title='bbox 1338 4091 1432 4146; x_wconf 84' lang='lat' dir='ltr'>affert:</span> 
     </span>
     <span class='ocr_line' id='line_1_36' title="bbox 364 4181 1433 4242; baseline -0.006 -2"><span class='ocrx_word' id='word_1_239' title='bbox 364 4187 469 4242; x_wconf 86' lang='lat' dir='ltr'>Oluent.</span> <span class='ocrx_word' id='word_1_240' title='bbox 489 4187 513 4241; x_wconf 89' lang='lat'>8.</span> <span class='ocrx_word' id='word_1_241' title='bbox 533 4187 569 4241; x_wconf 90' lang='grc'>25</span> <span class='ocrx_word' id='word_1_242' title='bbox 598 4186 655 4240; x_wconf 87' lang='lat' dir='ltr'>eius</span> <span class='ocrx_word' id='word_1_243' title='bbox 682 4186 794 4240; x_wconf 84' lang='lat' dir='ltr'>Lucium</span> <span class='ocrx_word' id='word_1_244' title='bbox 822 4186 916 4240; x_wconf 85' lang='lat' dir='ltr'>lilium.</span> <span class='ocrx_word' id='word_1_245' title='bbox 936 4186 1017 4240; x_wconf 77' lang='lat' dir='ltr'>Aroh.</span> <span class='ocrx_word' id='word_1_246' title='bbox 1036 4186 1099 4240; x_wconf 87' lang='grc'><strong>3.6</strong></span> <span class='ocrx_word' id='word_1_247' title='bbox 1127 4185 1185 4238; x_wconf 89' lang='lat' dir='ltr'>eius</span> <span class='ocrx_word' id='word_1_248' title='bbox 1204 4183 1253 4236; x_wconf 93' lang='lat' dir='ltr'>Pio</span> <span class='ocrx_word' id='word_1_249' title='bbox 1272 4181 1335 4235; x_wconf 90' lang='lat' dir='ltr'>fillo.</span> <span class='ocrx_word' id='word_1_250' title='bbox 1355 4181 1433 4235; x_wconf 89' lang='lat' dir='ltr'>Brut.</span> 
     </span>
     <span class='ocr_line' id='line_1_37' title="bbox 364 4270 1444 4346; baseline -0.006 -17"><span class='ocrx_word' id='word_1_251' title='bbox 364 4279 408 4331; x_wconf 91' lang='grc'><strong>26.</strong></span> <span class='ocrx_word' id='word_1_252' title='bbox 427 4276 462 4332; x_wconf 85' lang='grc'>98</span> <span class='ocrx_word' id='word_1_253' title='bbox 481 4277 557 4330; x_wconf 88' lang='lat' dir='ltr'>ouius</span> <span class='ocrx_word' id='word_1_254' title='bbox 576 4277 640 4331; x_wconf 82' lang='lat' dir='ltr'>Caio</span> <span class='ocrx_word' id='word_1_255' title='bbox 659 4276 723 4331; x_wconf 90' lang='lat' dir='ltr'>filio.</span> <span class='ocrx_word' id='word_1_256' title='bbox 760 4276 905 4346; x_wconf 79' lang='lat' dir='ltr'>Ussingins</span> <span class='ocrx_word' id='word_1_257' title='bbox 923 4276 965 4330; x_wconf 85' lang='lat' dir='ltr'>his</span> <span class='ocrx_word' id='word_1_258' title='bbox 984 4276 1049 4329; x_wconf 81' lang='lat' dir='ltr'>locis</span> <span class='ocrx_word' id='word_1_259' title='bbox 1068 4273 1144 4328; x_wconf 86' lang='lat' dir='ltr'>addit</span> <span class='ocrx_word' id='word_1_260' title='bbox 1163 4273 1196 4326; x_wconf 85' lang='lat' dir='ltr'>de</span> <span class='ocrx_word' id='word_1_261' title='bbox 1214 4278 1271 4325; x_wconf 87' lang='lat' dir='ltr'>nat.</span> <span class='ocrx_word' id='word_1_262' title='bbox 1292 4271 1363 4325; x_wconf 89' lang='lat' dir='ltr'>deor.</span> <span class='ocrx_word' id='word_1_263' title='bbox 1382 4270 1444 4324; x_wconf 94' lang='grc' dir='ltr'>ΙΠ.Ι</span> 
     </span>
     <span class='ocr_line' id='line_1_38' title="bbox 365 4365 857 4422; baseline -0.002 -1"><span class='ocrx_word' id='word_1_264' title='bbox 365 4367 407 4421; x_wconf 92' lang='grc'>15.</span> <span class='ocrx_word' id='word_1_265' title='bbox 427 4366 462 4420; x_wconf 82' lang='grc'>39</span> <span class='ocrx_word' id='word_1_266' title='bbox 481 4368 539 4421; x_wconf 87' lang='lat' dir='ltr'>eins</span> <span class='ocrx_word' id='word_1_267' title='bbox 557 4367 745 4422; x_wconf 89' lang='lat' dir='ltr'>Palaemonem</span> <span class='ocrx_word' id='word_1_268' title='bbox 763 4365 857 4421; x_wconf 83' lang='lat' dir='ltr'>filium.</span> 
     </span>
    </p>
   </div>
   <div class='ocr_carea' id='block_1_12' title="bbox 0 0 1534 4876">
    <p class='ocr_par' dir='ltr' id='par_1_13' title="bbox 0 0 1534 4876">
     <span class='ocr_line' id='line_1_39' title="bbox 0 0 1534 4876; baseline 0 1"><span class='ocrx_word' id='word_1_269' title='bbox 0 0 1534 4876; x_wconf 95' lang='lat' dir='ltr'> </span> 
     </span>
    </p>
   </div>
  </div>
 </body>
</html>
