3060 4876
685 361 907 421 ..33-

315 548 349 602 cf.
368 548 438 602 Men.
459 552 520 603 300.
540 564 612 603 eram
631 565 719 604 meam
737 550 807 604 banc
824 549 956 604 Erotium.

208 639 281 706 Aul.
310 645 381 704 171.
436 639 560 706 novisti
583 642 669 707 huno
692 659 803 707 senem
826 641 1016 707 Euclionem
1051 659 1092 707 ex
1120 658 1277 723 proxumo
1306 661 1391 727 pau·

1193 751 1390 833 porculum?

207 856 300 938 0111.
325 859 400 920 827.
438 856 496 920 sed
527 874 587 937 ego
620 874 710 922 cesso
745 856 832 922 bunc
870 856 1052 938 Hegionem
1092 874 1231 924 onerare
1255 859 1389 924 laetitia

1248 965 1389 1033 senem?

206 1070 280 1135 Ter.
304 1069 511 1134 Heaut.180.
536 1069 634 1135 Hunc
660 1070 884 1136 Menedemum
910 1070 1019 1136 nostin
1043 1076 1191 1136 nostrum
1221 1072 1389 1140 vicinum?

314 1174 334 1262 ξ
359 1182 388 1242 6.
412 1177 570 1242 Venimus
592 1177 657 1241 iam
682 1177 724 1241 ad
748 1196 803 1242 eos
827 1179 923 1260 locos,
948 1178 982 1242 in
1008 1178 1126 1257 quibus
1156 1179 1282 1245 duobus
1311 1182 1389 1246 sub-

208 1284 362 1350 stantivis
386 1284 607 1365 appositiones
632 1284 864 1365 adiunguntur.
889 1284 955 1351 Ubi
978 1285 1085 1350 iustus
1110 1287 1282 1352 verborum
1307 1287 1388 1353 ordo

206 1390 338 1472 saepius
373 1410 437 1455 non
472 1398 633 1473 servatur,
669 1392 726 1457 sed
761 1392 892 1474 singula
928 1394 1028 1458 verba
1063 1393 1161 1457 certis
1190 1392 1387 1473 quibusdam

205 1498 391 1564 rationibus
436 1497 616 1564 variandae
661 1499 817 1563 orationis
865 1517 964 1564 causa
1011 1499 1102 1564 varie
1152 1499 1388 1581 disponuntur3

204 1605 353 1670 ordinem
399 1606 571 1670 verborum
618 1606 652 1669 in
697 1624 824 1687 quaque
870 1607 955 1671 serie
1006 1606 1172 1671 schemate
1218 1609 1386 1689 proposito

206 1712 425 1794 designavero

315 1837 343 1882 a.
366 1819 450 1881 motio
469 1819 563 1901 prim.
587 1816 614 1882 Ι.
636 1825 697 1883 not.
718 1821 808 1902 prim.
832 1817 877 1884 ΙΙ.
901 1824 961 1884 aot.
995 1839 1066 1903 opp.
1099 1818 1127 1884 Ι.
1157 1825 1219 1888 mot.
1246 1841 1316 1905 opp.
1339 1820 1386 1887 ΙΙ.

207 1927 300 1992 Asin.
327 1931 398 1990 172.
422 1925 491 1989 Por
510 1927 586 2009 pori
609 1927 720 1992 datum
756 1925 1004 2008 bostimemtmmst,
1038 1945 1131 2011 opero
1157 1947 1217 2010 pro
1246 1929 1384 2013 pecunia.

207 2034 324 2098 Bacch.
349 2038 423 2097 460.
448 2033 512 2097 Hic
536 2032 654 2096 sodalis
677 2031 843 2096 Pistoclero
866 2034 930 2097 iam
952 2053 1030 2117 pmr
1047 2054 1148 2117 puero
1171 2034 1249 2100 fuit:

206 2142 301 2222 Oapt.
327 2145 469 2221 101211.
495 2141 571 2205 ..11
595 2146 622 2203 te
644 2139 723 2203 mibi

207 2248 383 2315 Parvolum
408 2249 593 2330 peculiarem
618 2249 753 2330 parvolo
772 2267 872 2331 puero
896 2245 995 2313 dedit.

208 2354 278 2419 Mil.
305 2361 400 2435 lisq.
424 2355 548 2438 Quoius
572 2359 605 2417 tm
628 2355 757 2439 iepiomes
781 2354 952 2421 difflavisti
976 2354 1096 2437 spiritu

209 2460 311 2543 Quasi
334 2468 438 2525 omum
461 2462 541 2541 folio
565 2469 623 2528 aut
641 2463 825 2546 paniculum
848 2463 1028 2528 tectorium.

207 2568 310 2633 Stich.
338 2574 400 2633 104
409 2588 455 2649 sq.
479 2571 562 2634 Nam
586 2589 640 2654 epo
664 2570 706 2634 ad
729 2588 781 2634 cos
804 2588 889 2634 nunc
905 2570 1066 2651 inperitus
1083 2588 1190 2636 rerum
1213 2576 1246 2635 et
1262 2586 1387 2633 morum

1214 2676 1388 2741 mulierum

207 2781 390 2866 Discipulos
413 2783 508 2851 venio
532 2783 574 2847 ad
597 2784 783 2867 mopietrus:

208 2891 304 2956 Truc.
329 2896 403 2956 268.
437 2890 507 2955 Iam
544 2892 652 2956 hercle
688 2909 738 2974 epo
772 2890 826 2955 bic
849 2895 886 2973 te,
924 2891 1049 2973 mulier,
1075 2890 1171 2970 quasi
1194 2909 1247 2953 oms
1269 2890 1389 2971 catulos

1048 2998 1185 3078 pedibus
1210 3004 1385 3078 proteram.

209 3104 294 3187 frgg.
318 3125 348 3171 v.
373 3111 447 3170 283.
472 3105 517 3169 Et
540 3123 592 3187 epo
617 3111 644 3167 te
667 3107 861 3170 conculcabo
887 3111 924 3170 ut
945 3124 1000 3168 aas
1022 3109 1139 3168 rotulos
1163 3122 1246 3170 suos.

316 3208 355 3263 uf.
376 3209 458 3263 etiam
478 3209 574 3263 Pseud.
595 3209 674 3262 1142.
695 3208 805 3275 ..Quia
824 3215 883 3263 tute
895 3210 969 3278 ipsus
979 3211 1066 3277 ipsum
1078 3223 1205 3277 praesens
1218 3212 1389 3277 praesentem

1302 3297 1387 3352 vides.

315 3388 412 3458 Amph.
432 3387 492 3443 565.
512 3388 573 3441 Tun
591 3402 642 3455 me,
660 3387 779 3452 verbero,
799 3387 881 3441 audes
900 3402 974 3442 erum
992 3386 1144 3441 ludificari?

315 3483 344 3546 b.
370 3477 439 3546 Not.
458 3481 553 3563 prim.
577 3477 605 3542 1.
630 3483 691 3544 mot.
711 3479 805 3563 prim.
827 3476 873 3544 ΙΙ.
896 3484 957 3543 not.
988 3498 1059 3563 opp.
1090 3475 1135 3544 ΙΙ.
1167 3482 1227 3543 moi.
1259 3497 1332 3563 app.
1359 3477 1392 3552 1,

206 3588 328 3653 Pseud.
353 3594 427 3653 382.
451 3588 622 3653 Exossabo
646 3606 700 3671 epo
722 3585 810 3650 iilam
838 3586 989 3652 simulter
1016 3586 1129 3650 itidem
1162 3592 1199 3651 ut
1229 3604 1389 3649 mammam

1241 3711 1389 3777 quoquae.

209 3802 294 3868 Rud.
319 3806 436 3882 344sq.
470 3802 565 3867 Certe
600 3804 663 3868 huc
698 3799 831 3864 Labrax
865 3801 905 3865 ad
939 3800 1110 3882 prandium
1136 3799 1268 3866 vocavit
1291 3798 1390 3861 Plesi-

1249 3903 1387 3990 dippum,

210 4015 315 4080 Fsrom
339 4036 444 4082 meum
468 4034 539 4078 erus
564 4022 683 4081 voster.

317 4121 356 4176 uf.
377 4121 460 4174 etiam
479 4121 560 4174 Poen.
580 4120 782 4185 9611111111]
802 4120 845 4173 hic
864 4120 1020 4174 adulescens
1038 4119 1151 4173 alteram
1173 4116 1293 4171 efflictim
1317 4117 1390 4185 perit

206 4213 293 4266 -Suam
312 4211 364 4265 sibi
382 4215 527 4279 cognatam
546 4209 700 4276 inprudens,

211 4301 291 4355 Mero.
311 4301 371 4355 873.
392 4299 458 4353 Nam
479 4299 579 4352 amicus
598 4297 648 4351 tibi
667 4297 838 4354 benevolenti
857 4298 970 4352 advenio
988 4298 1103 4352 multum
1124 4295 1293 4350 benevolens.

275 4458 302 4526 ³¹)
321 4459 402 4527 Apud
421 4460 576 4515 Terentium
595 4457 674 4517 huius
694 4458 801 4529 generis
818 4459 940 4528 exempla
958 4474 1012 4512 non
1030 4456 1129 4512 inveni.
